
  
  
  
  
  
  
  
 
  
  <record xsi:schemaLocation="http://www.loc.gov/MARC21/slim http://www.loc.gov/standards/marcxml/schema/MARC21slim.xsd">
      <leader>00000cam  2200697 a 4500</leader>
      <controlfield tag="FMT">BK</controlfield>
      <controlfield tag="LDR">00000cam  2200697 a 4500</controlfield>
      <controlfield tag="001">004099274</controlfield>
      <controlfield tag="003">OCoLC</controlfield>
      <controlfield tag="005">20150203125744.0</controlfield>
      <controlfield tag="008">150203s2009    it a     b    100 0 eng d</controlfield>
      <datafield tag="010" ind1=" " ind2=" ">
         <subfield code="a">2009662597</subfield>
      </datafield>
      <datafield tag="020" ind1=" " ind2=" ">
         <subfield code="a">9788832362213 (pbk.)</subfield>
      </datafield>
      <datafield tag="020" ind1=" " ind2=" ">
         <subfield code="a">883236221X (pbk.)</subfield>
      </datafield>
      <datafield tag="035" ind1=" " ind2=" ">
         <subfield code="a">(OCoLC)489620904</subfield>
      </datafield>
      <datafield tag="040" ind1=" " ind2=" ">
         <subfield code="a">EQO</subfield>
         <subfield code="b">eng</subfield>
         <subfield code="c">EQO</subfield>
         <subfield code="d">C3L</subfield>
         <subfield code="d">YUS</subfield>
         <subfield code="d">ORU</subfield>
         <subfield code="d">GEBAY</subfield>
         <subfield code="d">DLC</subfield>
         <subfield code="d">DEBBG</subfield>
         <subfield code="d">S3O</subfield>
         <subfield code="d">OCLCF</subfield>
         <subfield code="d">OCLCA</subfield>
         <subfield code="d">MEAUC</subfield>
         <subfield code="d">OCLCO</subfield>
         <subfield code="d">NNU</subfield>
      </datafield>
      <datafield tag="041" ind1="0" ind2=" ">
         <subfield code="a">eng</subfield>
         <subfield code="a">fre</subfield>
         <subfield code="a">ita</subfield>
      </datafield>
      <datafield tag="043" ind1=" " ind2=" ">
         <subfield code="a">f-ua---</subfield>
      </datafield>
      <datafield tag="050" ind1="1" ind2="4">
         <subfield code="a">CD2331</subfield>
         <subfield code="b">.I56 2008</subfield>
      </datafield>
      <datafield tag="082" ind1="1" ind2="4">
         <subfield code="a">932</subfield>
         <subfield code="2">21</subfield>
      </datafield>
      <datafield tag="084" ind1=" " ind2=" ">
         <subfield code="a">24,1</subfield>
         <subfield code="2">ssgn</subfield>
      </datafield>
      <datafield tag="084" ind1=" " ind2=" ">
         <subfield code="a">6,21</subfield>
         <subfield code="2">ssgn</subfield>
      </datafield>
      <datafield tag="084" ind1=" " ind2=" ">
         <subfield code="a">NG 3000</subfield>
         <subfield code="2">rvk</subfield>
      </datafield>
      <datafield tag="111" ind1="2" ind2=" ">
         <subfield code="a">International congress Egyptian archives/Egyptological archives</subfield>
         <subfield code="n">(1st :</subfield>
         <subfield code="d">2008 :</subfield>
         <subfield code="c">Milan, Italy)</subfield>
      </datafield>
      <datafield tag="245" ind1="1" ind2="0">
         <subfield code="a">Egyptian archives :</subfield>
         <subfield code="b">proceedings of the first session of the international congress Egyptian Archives/Egyptological Archives, Milano, September 9-10, 2008 /</subfield>
         <subfield code="c">edited by Patrizia Piacentini and Christian Orsenigo.</subfield>
      </datafield>
      <datafield tag="260" ind1=" " ind2=" ">
         <subfield code="a">Milano :</subfield>
         <subfield code="b">Cisalpino,</subfield>
         <subfield code="c">c2009.</subfield>
      </datafield>
      <datafield tag="300" ind1=" " ind2=" ">
         <subfield code="a">236 p. :</subfield>
         <subfield code="b">ill. ;</subfield>
         <subfield code="c">24 cm.</subfield>
      </datafield>
      <datafield tag="490" ind1="1" ind2=" ">
         <subfield code="a">Quaderni di Acme / Università degli studi di Milano, Facoltà di lettere e filosofia ;</subfield>
         <subfield code="v">111</subfield>
      </datafield>
      <datafield tag="546" ind1=" " ind2=" ">
         <subfield code="a">Contributions in English, French and Italian.</subfield>
      </datafield>
      <datafield tag="500" ind1=" " ind2=" ">
         <subfield code="a">"Dipartimento di scienze dell'antichità, Sezione di papirologia ed egittologia."</subfield>
      </datafield>
      <datafield tag="500" ind1=" " ind2=" ">
         <subfield code="a">"Most of the speakers were members of the Association internationale pour l'étude du droit de l'Égypte ancienne-AIDEA"--P. [9].</subfield>
      </datafield>
      <datafield tag="504" ind1=" " ind2=" ">
         <subfield code="a">Includes bibliographical references.</subfield>
      </datafield>
      <datafield tag="505" ind1="0" ind2="0">
         <subfield code="t">Introduction /</subfield>
         <subfield code="r">Piacentini, Patrizia --</subfield>
         <subfield code="t">Discours inaugural de la première session du congrès /</subfield>
         <subfield code="r">Chartier-Raymond, Maryvonne --</subfield>
         <subfield code="t">On the inefficiency of bureaucracy /</subfield>
         <subfield code="r">Eyre, Christopher --</subfield>
         <subfield code="t">Archives judiciaires égyptiennes : la mémoire du crime et l’oubli du criminal /</subfield>
         <subfield code="r">Philip-Stéphan, Alexandra --</subfield>
         <subfield code="t">Passé, le présent et le future des archives d’Illahoun : méthodes, résultats et perspectives de recherché /</subfield>
         <subfield code="r">Kóthay, Katalin Anna --</subfield>
         <subfield code="t">Using administrative archives in pharaonic times /</subfield>
         <subfield code="r">Allam, Schafik --</subfield>
         <subfield code="t">Dossier testamentaire provenant d’archives privées? Naunakhte et la langue du testament à l’époque ramesside /</subfield>
         <subfield code="r">David, Arlette --</subfield>
         <subfield code="t">Discovery of the tomb of Mose and its “juridical” inscription /</subfield>
         <subfield code="r">Piacentini, Patrizia --</subfield>
         <subfield code="r">Orsenigo, Christian --</subfield>
         <subfield code="t">Terminologie concernant les archives dans les textes du Nouvel Empire /</subfield>
         <subfield code="r">Trapani, Marcella --</subfield>
         <subfield code="t">Due “archivi” coevi a confronto: Deir el-Medina e Ugarit /</subfield>
         <subfield code="r">Roccati, Alessandro --</subfield>
         <subfield code="t">Place des scribes des temples dans l’administration lagide du troisième siècle : confrontation des archives papyrologiques et de la documentation épigraphique /</subfield>
         <subfield code="r">Gorre, Gilles --</subfield>
         <subfield code="t">Exécuter et surveiller : le rôle du basilicogrammate dans les archives de l’Héracléopolite au premier siècle av. J.-C. /</subfield>
         <subfield code="r">Wackenier, Stéphanie --</subfield>
         <subfield code="t">Des lésônes en action dans le temple de Soknopaios à Soknopaiou Nêsos à l’époque ptolémaïque /</subfield>
         <subfield code="r">Chaufray, Marie-Pierre --</subfield>
         <subfield code="t">Préfet d’Égypte et le fonctionnement des archives publiques /</subfield>
         <subfield code="r">Anagnostou-Canas, Barbara</subfield>
         <subfield code="t">Contenu et intérêt historique des archives du conseil municipal d’Hermoupolis sous Gallien /</subfield>
         <subfield code="r">Drew-Bear, Marie --</subfield>
         <subfield code="t">Performativité du nom divin en Égypte de l’Antiquité à nos jours /</subfield>
         <subfield code="r">Haikal, Fayza.</subfield>
      </datafield>
      <datafield tag="650" ind1=" " ind2="0">
         <subfield code="a">Archives</subfield>
         <subfield code="z">Egypt</subfield>
         <subfield code="v">Congresses.</subfield>
      </datafield>
      <datafield tag="651" ind1=" " ind2="0">
         <subfield code="a">Egypt</subfield>
         <subfield code="x">History</subfield>
         <subfield code="x">Sources</subfield>
         <subfield code="v">Congresses.</subfield>
      </datafield>
      <datafield tag="650" ind1="0" ind2="7">
         <subfield code="a">Archiv</subfield>
         <subfield code="2">swd</subfield>
      </datafield>
      <datafield tag="650" ind1="0" ind2="7">
         <subfield code="a">Kongress</subfield>
         <subfield code="2">swd</subfield>
      </datafield>
      <datafield tag="651" ind1=" " ind2="7">
         <subfield code="a">Ägypten (Altertum)</subfield>
         <subfield code="2">swd</subfield>
      </datafield>
      <datafield tag="650" ind1=" " ind2="7">
         <subfield code="a">Arkiv</subfield>
         <subfield code="z">Egypten</subfield>
         <subfield code="v">konferenser.</subfield>
         <subfield code="2">sao</subfield>
      </datafield>
      <datafield tag="650" ind1=" " ind2="7">
         <subfield code="a">Archives.</subfield>
         <subfield code="2">fast</subfield>
         <subfield code="0">(OCoLC)fst00814030</subfield>
      </datafield>
      <datafield tag="650" ind1=" " ind2="7">
         <subfield code="a">History</subfield>
         <subfield code="x">Sources.</subfield>
         <subfield code="2">fast</subfield>
         <subfield code="0">(OCoLC)fst00958295</subfield>
      </datafield>
      <datafield tag="651" ind1=" " ind2="7">
         <subfield code="a">Egypt.</subfield>
         <subfield code="2">fast</subfield>
         <subfield code="0">(OCoLC)fst01208755</subfield>
      </datafield>
      <datafield tag="655" ind1=" " ind2="4">
         <subfield code="a">Kongress.</subfield>
      </datafield>
      <datafield tag="655" ind1=" " ind2="4">
         <subfield code="a">Mailand (2008)</subfield>
      </datafield>
      <datafield tag="655" ind1=" " ind2="7">
         <subfield code="a">Conference proceedings.</subfield>
         <subfield code="2">fast</subfield>
         <subfield code="0">(OCoLC)fst01423772</subfield>
      </datafield>
      <datafield tag="655" ind1=" " ind2="7">
         <subfield code="a">History.</subfield>
         <subfield code="2">fast</subfield>
         <subfield code="0">(OCoLC)fst01411628</subfield>
      </datafield>
      <datafield tag="700" ind1="1" ind2=" ">
         <subfield code="a">Piacentini, Patrizia.</subfield>
      </datafield>
      <datafield tag="700" ind1="1" ind2=" ">
         <subfield code="a">Orsenigo, Christian.</subfield>
      </datafield>
      <datafield tag="710" ind1="2" ind2=" ">
         <subfield code="a">Università di Milano.</subfield>
         <subfield code="b">Sezione di papirologia ed egittologia.</subfield>
      </datafield>
      <datafield tag="710" ind1="2" ind2=" ">
         <subfield code="a">AIDEA (Association)</subfield>
      </datafield>
      <datafield tag="776" ind1="0" ind2="8">
         <subfield code="i">Online version:</subfield>
         <subfield code="t">Egyptian archives.</subfield>
         <subfield code="d">Milano : Cisalpino, c2009</subfield>
         <subfield code="w">(OCoLC)768059583</subfield>
      </datafield>
      <datafield tag="830" ind1=" " ind2="0">
         <subfield code="a">Quaderni di Acme ;</subfield>
         <subfield code="v">111.</subfield>
      </datafield>
      <datafield tag="994" ind1=" " ind2=" ">
         <subfield code="a">Z0</subfield>
         <subfield code="b">ZYU</subfield>
      </datafield>
      <datafield tag="OWN" ind1=" " ind2=" ">
         <subfield code="a">GENERAL</subfield>
      </datafield>
      <datafield tag="AVA" ind1=" " ind2=" ">
         <subfield code="a">NYU50</subfield>
         <subfield code="b">NISAW</subfield>
         <subfield code="c">Small Collection</subfield>
         <subfield code="d">CD2331 .I56 2008</subfield>
         <subfield code="e">available</subfield>
         <subfield code="t">Available</subfield>
         <subfield code="f">1</subfield>
         <subfield code="g">0</subfield>
         <subfield code="h">N</subfield>
         <subfield code="i">0</subfield>
         <subfield code="j">SMALL</subfield>
         <subfield code="k">0</subfield>
      </datafield>
      <marc:datafield tag="852" ind1=" " ind2=" ">
         <marc:subfield code="b">Institute for the Study of the Ancient World, </marc:subfield>
         <marc:subfield code="c">Small Collection</marc:subfield>
         <marc:subfield code="e">15 East 84th St., </marc:subfield>
         <marc:subfield code="e">New York, NY  10028</marc:subfield>
      </marc:datafield>
   </record>