
  
  
  
  
  
  
 
  
  <record xsi:schemaLocation="http://www.loc.gov/MARC21/slim http://www.loc.gov/standards/marcxml/schema/MARC21slim.xsd">
      <leader>00000cam  2200733 a 4500</leader>
      <controlfield tag="FMT">BK</controlfield>
      <controlfield tag="LDR">00000cam  2200733 a 4500</controlfield>
      <controlfield tag="001">004099305</controlfield>
      <controlfield tag="003">OCoLC</controlfield>
      <controlfield tag="005">20150203134546.0</controlfield>
      <controlfield tag="007">tu</controlfield>
      <controlfield tag="008">150203s2014    be ab    b    111 0 ger d</controlfield>
      <datafield tag="015" ind1=" " ind2=" ">
         <subfield code="a">15,A03</subfield>
         <subfield code="2">dnb</subfield>
      </datafield>
      <datafield tag="016" ind1="7" ind2=" ">
         <subfield code="a">1060675099</subfield>
         <subfield code="2">DE-101</subfield>
      </datafield>
      <datafield tag="020" ind1=" " ind2=" ">
         <subfield code="a">9042929219</subfield>
      </datafield>
      <datafield tag="020" ind1=" " ind2=" ">
         <subfield code="a">9789042929210</subfield>
      </datafield>
      <datafield tag="035" ind1=" " ind2=" ">
         <subfield code="a">(OCoLC)877362850</subfield>
      </datafield>
      <datafield tag="040" ind1=" " ind2=" ">
         <subfield code="a">YDXCP</subfield>
         <subfield code="b">eng</subfield>
         <subfield code="c">YDXCP</subfield>
         <subfield code="d">OCLCO</subfield>
         <subfield code="d">ERASA</subfield>
         <subfield code="d">HEBIS</subfield>
         <subfield code="d">OCLCO</subfield>
         <subfield code="d">OCLCQ</subfield>
         <subfield code="d">OCLCF</subfield>
         <subfield code="d">CLU</subfield>
         <subfield code="d">OCLCQ</subfield>
         <subfield code="d">GWDNB</subfield>
         <subfield code="d">NNU</subfield>
      </datafield>
      <datafield tag="041" ind1="0" ind2=" ">
         <subfield code="a">ger</subfield>
         <subfield code="a">eng</subfield>
      </datafield>
      <datafield tag="043" ind1=" " ind2=" ">
         <subfield code="a">mm-----</subfield>
      </datafield>
      <datafield tag="050" ind1=" " ind2="4">
         <subfield code="a">CB311</subfield>
         <subfield code="b">.K85 2009</subfield>
      </datafield>
      <datafield tag="082" ind1="0" ind2="4">
         <subfield code="a">930</subfield>
         <subfield code="2">23</subfield>
      </datafield>
      <datafield tag="084" ind1=" " ind2=" ">
         <subfield code="a">300</subfield>
         <subfield code="a">930</subfield>
         <subfield code="q">DE-101</subfield>
         <subfield code="2">sdnb</subfield>
      </datafield>
      <datafield tag="111" ind1="2" ind2=" ">
         <subfield code="a">Kulturkontakte in antiken welten (Conference)</subfield>
         <subfield code="d">(2009 :</subfield>
         <subfield code="c">Innsbruck, Austria)</subfield>
      </datafield>
      <datafield tag="245" ind1="1" ind2="0">
         <subfield code="a">Kulturkontakte in antiken welten :</subfield>
         <subfield code="b">vom Denkmodell zum Fallbeispiel : Proceedings des internationalen Kolloquiums aus Anlass des 60. Geburtstages von Christoph Ulf, Innsbruck, 26. bis 30. Januar 2009 /</subfield>
         <subfield code="c">herausgegeben von Robert Rollinger und Kordula Schnegg.</subfield>
      </datafield>
      <datafield tag="260" ind1=" " ind2=" ">
         <subfield code="a">Leuven, Belgium :</subfield>
         <subfield code="b">Peeters,</subfield>
         <subfield code="c">2014.</subfield>
      </datafield>
      <datafield tag="300" ind1=" " ind2=" ">
         <subfield code="a">xxiii, 584 pages :</subfield>
         <subfield code="b">illustrations, maps ;</subfield>
         <subfield code="c">25 cm.</subfield>
      </datafield>
      <datafield tag="336" ind1=" " ind2=" ">
         <subfield code="a">text</subfield>
         <subfield code="b">txt</subfield>
         <subfield code="2">rdacontent</subfield>
      </datafield>
      <datafield tag="337" ind1=" " ind2=" ">
         <subfield code="a">unmediated</subfield>
         <subfield code="b">n</subfield>
         <subfield code="2">rdamedia</subfield>
      </datafield>
      <datafield tag="338" ind1=" " ind2=" ">
         <subfield code="a">volume</subfield>
         <subfield code="b">nc</subfield>
         <subfield code="2">rdacarrier</subfield>
      </datafield>
      <datafield tag="490" ind1="1" ind2=" ">
         <subfield code="a">Colloquia antiqua ;</subfield>
         <subfield code="v">10</subfield>
      </datafield>
      <datafield tag="546" ind1=" " ind2=" ">
         <subfield code="a">Contributions in German and English.</subfield>
      </datafield>
      <datafield tag="504" ind1=" " ind2=" ">
         <subfield code="a">Includes bibliographical references and index.</subfield>
      </datafield>
      <datafield tag="505" ind1="0" ind2="0">
         <subfield code="g">[Part 1.]</subfield>
         <subfield code="t">Contact Zones : Räume im Brennpunkt kultureller Kontakte.</subfield>
         <subfield code="t">Viel Lärm um nichts : über die vermeintliche Assyrisierung im Alten Israel /</subfield>
         <subfield code="r">Bagg, Ariel M. --</subfield>
         <subfield code="t">Metrologische Notierung und Kulturkontakt im altorientalischen Emar (13. Jahrhundert v. Chr.) /</subfield>
         <subfield code="r">Chambon, Grégory --</subfield>
         <subfield code="t">Faist, Betina --</subfield>
         <subfield code="t">Naukratis as a contact zone : revealing the Lydian connection /</subfield>
         <subfield code="r">Fantalkin, Alexander --</subfield>
         <subfield code="t">Überregionale Heiligtümer : Orte der Begegnung mit dem Fremden /</subfield>
         <subfield code="r">Funke, Peter --</subfield>
         <subfield code="t">Phönizier sind Händler, die Griechen aber Kolonisatoren : zwei alte Klischees, Ulfs KulturkontaktModell und das archaische Westsizilien /</subfield>
         <subfield code="r">Kistler, Erich --</subfield>
         <subfield code="t">Komplexe Welt der Kolonisation. Mediterrane Bezie hungsgeflechte am Beispiel Massalias /</subfield>
         <subfield code="r">Mauersberg, Martin --</subfield>
         <subfield code="t">“Von fremd zu fremd“ : Gelasius I., Anastasios und die verlorene Einheit der Mittelmeerwelt /</subfield>
         <subfield code="r">Meier, Mischa --</subfield>
         <subfield code="t">Griechen und Etrusker : Kulturtransfer zwischen Sitten und Mode /</subfield>
         <subfield code="r">Naso, Alessandro --</subfield>
         <subfield code="t">Mare Erythraeum als Kontaktzone in der Römischen Kaiserzeit /</subfield>
         <subfield code="r">Ruffing, Kai --</subfield>
         <subfield code="t">Kleopatra in Rom: Kulturkontakt oder Heraus for derung?/</subfield>
         <subfield code="r">Schäfer, Christoph --</subfield>
         <subfield code="t">Kontaktzone und Rezeptivität unter imperialem Vorzeichen : das Beispiel Rom. Eine Fußnote zur "komplexen Welt der Kulturkontakte" /</subfield>
         <subfield code="r">Sommer, Michael --</subfield>
         <subfield code="t">From the pillars of Hercules to the Scythian lands : identifying ethno-cultural interactions /</subfield>
         <subfield code="r">Tsetskhladze, Gocha R. --</subfield>
         <subfield code="t">Concept of "the Near East" : a reconsideration /</subfield>
         <subfield code="r">Dongen, Erik van --</subfield>
         <subfield code="t">Kontaktzonen, Grenzüberschreitungen und Grenzgänger : Kulturkontakte zwischen Parthern und Griechen /</subfield>
         <subfield code="r">Wiesehöfer, Josef.</subfield>
      </datafield>
      <datafield tag="505" ind1="8" ind2="0">
         <subfield code="g">Goods/Commodities/Ideas : Waren im kulturellen Kontakt.</subfield>
         <subfield code="t">Some remarks on the channels of the transmission of knowledge in the ancient Mediterranean world /</subfield>
         <subfield code="r">Brosius, Maria --</subfield>
         <subfield code="t">Hellenistic elements in Parthian kingship: the numismatic portrait and titulature /</subfield>
         <subfield code="r">Dąbrowa, Edward --</subfield>
         <subfield code="t">Gütertransfer und Kulturkontakte /</subfield>
         <subfield code="r">Grassl, Herbert --</subfield>
         <subfield code="t">Kulturkontakt aus der Sicht des Homerlesers /</subfield>
         <subfield code="r">Haubold, Johannes --</subfield>
         <subfield code="t">Bildkunst als Zeugnis für Orientierung und Konsens innerhalb der Eliten des westlichen Achämenidenreichs /</subfield>
         <subfield code="r">Jacobs, Bruno --</subfield>
         <subfield code="t">Literarische Texte als Träger von Transfergütern : ein Blick auf die lateinische Dichtung /</subfield>
         <subfield code="r">Kofler, Wolfgang --</subfield>
         <subfield code="t">Orientalisierende Kultur Griechenlands und die home rischen Epen : Kulturelles Lernen jenseits der Peripherie des assyrischen Reiches /</subfield>
         <subfield code="r">Patzek, Barbara --</subfield>
         <subfield code="t">Ideen im Reisegepäck? Sachliche und methodologische Überlegungen zu frühgriechischen Gerechtigkeitsvorstellungen im interkulturellen Zusammenhang des Mittelmeerraumes /</subfield>
         <subfield code="r">Raaflaub, Kurt A. --</subfield>
         <subfield code="t">Zur römischen Rezeption der griechischen Agonistik : Assoziationen zu den Thesen eines Kulturtransfers bei Peter Burke und Christoph Ulf /</subfield>
         <subfield code="r">Weiler, Ingomar.</subfield>
         <subfield code="g">[Part 3.]</subfield>
         <subfield code="t">Response.</subfield>
         <subfield code="t">Eine Typologie von kulturellen Kontaktzonen ("Fernverhältnisse" – middle grounds – dichte Kontakt zonen), oder : rethinking cultural Contacts auf dem Prüfstand /</subfield>
         <subfield code="r">Ulf, Christophe.</subfield>
         <subfield code="g">Anhang = Appendix 1.</subfield>
         <subfield code="t">Rethinking cultural contacts /</subfield>
         <subfield code="r">Ulf, Christoph.</subfield>
         <subfield code="g">Anhang = Appendix 2.</subfield>
         <subfield code="t">Tagungsprogramm : die komplexe Welt der Kulturkontakte. Kontaktzone und Rezeptivität als Mittel für ihre Beschreibung und Analyse. Kolloquium aus Anlass des 60. Geburtstages von Univ.-Prof. Mag. Dr. Christoph Ulf, Innsbruck 26.–30. 01. 2009 /</subfield>
         <subfield code="r">Rollinger, Robert --</subfield>
         <subfield code="r">Schnegg, Kordula.</subfield>
      </datafield>
      <datafield tag="650" ind1=" " ind2="0">
         <subfield code="a">Culture diffusion</subfield>
         <subfield code="z">Mediterranean Region</subfield>
         <subfield code="v">Congresses.</subfield>
      </datafield>
      <datafield tag="650" ind1=" " ind2="0">
         <subfield code="a">Civilization, Ancient</subfield>
         <subfield code="v">Congresses.</subfield>
      </datafield>
      <datafield tag="650" ind1=" " ind2="7">
         <subfield code="a">Civilization, Ancient.</subfield>
         <subfield code="2">fast</subfield>
         <subfield code="0">(OCoLC)fst00862946</subfield>
      </datafield>
      <datafield tag="650" ind1=" " ind2="7">
         <subfield code="a">Culture diffusion.</subfield>
         <subfield code="2">fast</subfield>
         <subfield code="0">(OCoLC)fst00885109</subfield>
      </datafield>
      <datafield tag="651" ind1=" " ind2="7">
         <subfield code="a">Mediterranean Region.</subfield>
         <subfield code="2">fast</subfield>
         <subfield code="0">(OCoLC)fst01239752</subfield>
      </datafield>
      <datafield tag="650" ind1=" " ind2="7">
         <subfield code="a">Kulturkontakt</subfield>
         <subfield code="2">gnd</subfield>
         <subfield code="0">(DE-588)4033569-0</subfield>
      </datafield>
      <datafield tag="650" ind1=" " ind2="7">
         <subfield code="a">Antike</subfield>
         <subfield code="2">gnd</subfield>
         <subfield code="0">(DE-588)4068754-5</subfield>
      </datafield>
      <datafield tag="653" ind1=" " ind2=" ">
         <subfield code="a">(lcsh)Culture diffusion--Mediterranean Region--Congresses.</subfield>
      </datafield>
      <datafield tag="653" ind1=" " ind2=" ">
         <subfield code="a">(lcsh)Civilization, Ancient--Congresses.</subfield>
      </datafield>
      <datafield tag="653" ind1=" " ind2=" ">
         <subfield code="a">(gnd)Kulturkontakt</subfield>
      </datafield>
      <datafield tag="653" ind1=" " ind2=" ">
         <subfield code="a">(gnd)Antike</subfield>
      </datafield>
      <datafield tag="653" ind1=" " ind2=" ">
         <subfield code="a">(fast)Civilization, Ancient.</subfield>
      </datafield>
      <datafield tag="653" ind1=" " ind2=" ">
         <subfield code="a">(fast)Culture diffusion.</subfield>
      </datafield>
      <datafield tag="653" ind1=" " ind2=" ">
         <subfield code="a">(fast)Mediterranean Region.</subfield>
      </datafield>
      <datafield tag="653" ind1=" " ind2=" ">
         <subfield code="a">(fast)Conference proceedings.</subfield>
      </datafield>
      <datafield tag="653" ind1=" " ind2=" ">
         <subfield code="a">(fast)History.</subfield>
      </datafield>
      <datafield tag="655" ind1=" " ind2="7">
         <subfield code="a">Conference proceedings.</subfield>
         <subfield code="2">fast</subfield>
         <subfield code="0">(OCoLC)fst01423772</subfield>
      </datafield>
      <datafield tag="655" ind1=" " ind2="7">
         <subfield code="a">History.</subfield>
         <subfield code="2">fast</subfield>
         <subfield code="0">(OCoLC)fst01411628</subfield>
      </datafield>
      <datafield tag="655" ind1=" " ind2="7">
         <subfield code="a">Kongress</subfield>
         <subfield code="z">Innsbruck &lt;2009&gt;</subfield>
         <subfield code="2">gnd</subfield>
      </datafield>
      <datafield tag="700" ind1="1" ind2=" ">
         <subfield code="a">Ulf, Christoph,</subfield>
         <subfield code="d">1949-</subfield>
         <subfield code="e">honoree.</subfield>
      </datafield>
      <datafield tag="700" ind1="1" ind2=" ">
         <subfield code="a">Rollinger, Robert</subfield>
         <subfield code="e">editor of compilation.</subfield>
      </datafield>
      <datafield tag="700" ind1="1" ind2=" ">
         <subfield code="a">Schnegg, Kordula</subfield>
         <subfield code="e">editor of compilation.</subfield>
      </datafield>
      <datafield tag="830" ind1=" " ind2="0">
         <subfield code="a">Colloquia Antiqua (Series) ;</subfield>
         <subfield code="v">10.</subfield>
      </datafield>
      <datafield tag="994" ind1=" " ind2=" ">
         <subfield code="a">Z0</subfield>
         <subfield code="b">ZYU</subfield>
      </datafield>
      <datafield tag="OWN" ind1=" " ind2=" ">
         <subfield code="a">GENERAL</subfield>
      </datafield>
      <datafield tag="AVA" ind1=" " ind2=" ">
         <subfield code="a">NYU50</subfield>
         <subfield code="b">NISAW</subfield>
         <subfield code="c">Small Collection</subfield>
         <subfield code="d">CB311 .K85 2009</subfield>
         <subfield code="e">available</subfield>
         <subfield code="t">Available</subfield>
         <subfield code="f">1</subfield>
         <subfield code="g">0</subfield>
         <subfield code="h">N</subfield>
         <subfield code="i">0</subfield>
         <subfield code="j">SMALL</subfield>
         <subfield code="k">0</subfield>
      </datafield>
      <marc:datafield tag="852" ind1=" " ind2=" ">
         <marc:subfield code="b">Institute for the Study of the Ancient World, </marc:subfield>
         <marc:subfield code="c">Small Collection</marc:subfield>
         <marc:subfield code="e">15 East 84th St., </marc:subfield>
         <marc:subfield code="e">New York, NY  10028</marc:subfield>
      </marc:datafield>
   </record>