
  
  
  
  
  
 
  
  <record xsi:schemaLocation="http://www.loc.gov/MARC21/slim http://www.loc.gov/standards/marcxml/schema/MARC21slim.xsd">
      <leader>00000cam  2200229 i 4500</leader>
      <controlfield tag="FMT">BK</controlfield>
      <controlfield tag="LDR">00000cam  2200229 i 4500</controlfield>
      <controlfield tag="001">004099358</controlfield>
      <controlfield tag="003">OCoLC</controlfield>
      <controlfield tag="005">20150203160252.0</controlfield>
      <controlfield tag="008">150203s2013    it abe   b    000 0 spa d</controlfield>
      <datafield tag="020" ind1=" " ind2=" ">
         <subfield code="a">9788891300133</subfield>
      </datafield>
      <datafield tag="020" ind1=" " ind2=" ">
         <subfield code="a">8891300136</subfield>
      </datafield>
      <datafield tag="035" ind1=" " ind2=" ">
         <subfield code="a">(OCoLC)870980973</subfield>
      </datafield>
      <datafield tag="040" ind1=" " ind2=" ">
         <subfield code="a">BTCTA</subfield>
         <subfield code="b">eng</subfield>
         <subfield code="e">rda</subfield>
         <subfield code="c">BTCTA</subfield>
         <subfield code="d">YDXCP</subfield>
         <subfield code="d">NNU</subfield>
      </datafield>
      <datafield tag="043" ind1=" " ind2=" ">
         <subfield code="a">e-sp---</subfield>
      </datafield>
      <datafield tag="050" ind1=" " ind2="4">
         <subfield code="a">DP302.H7</subfield>
         <subfield code="b">R65 2013</subfield>
      </datafield>
      <datafield tag="245" ind1="0" ind2="0">
         <subfield code="a">Roma en el occidente de la Baetica :</subfield>
         <subfield code="b">Civitas et ager en el territorio onubense /</subfield>
         <subfield code="c">Juan M. Campos Carrasco, Javier Bermejo Meléndez, eds.</subfield>
      </datafield>
      <datafield tag="264" ind1=" " ind2="1">
         <subfield code="a">Roma :</subfield>
         <subfield code="b">"L'Erma" di Bretschneider,</subfield>
         <subfield code="c">[2013].</subfield>
      </datafield>
      <datafield tag="264" ind1=" " ind2="4">
         <subfield code="c">©2013</subfield>
      </datafield>
      <datafield tag="300" ind1=" " ind2=" ">
         <subfield code="a">394 pages :</subfield>
         <subfield code="b">black and white illustrations, maps, plans ;</subfield>
         <subfield code="c">cm.</subfield>
      </datafield>
      <datafield tag="490" ind1="1" ind2=" ">
         <subfield code="a">Hispania antigua. Serie histórica ;</subfield>
         <subfield code="v">8.</subfield>
      </datafield>
      <datafield tag="505" ind1="0" ind2="0">
         <subfield code="t">Ciudades romanas del territorio onubense : la culminación de un Proyecto /</subfield>
         <subfield code="r">Campos, Juan M. --</subfield>
         <subfield code="r">Bermejo, Javier --</subfield>
         <subfield code="t">El territorio onubense : una tierra de contrastes : el medio fisico /</subfield>
         <subfield code="r">Bermejo, Javier --</subfield>
         <subfield code="t">Scripta Manent : el Occidente Bético en las fuentes Grecolatinas /</subfield>
         <subfield code="r">Bermejo, Javier --</subfield>
         <subfield code="t">Turdetanos, Púnicos y Célticos : la situación previa a la Ilegada de Roma en el Interfluvio Guadiamar-Guadiana /</subfield>
         <subfield code="r">Toscano, Clara María --</subfield>
         <subfield code="r">Bermejo, Javier --</subfield>
         <subfield code="r">Gómez, Francisco --</subfield>
         <subfield code="t">Implantación de Roma en las tierras del Suroeste /</subfield>
         <subfield code="r">Bermejo, Javier --</subfield>
         <subfield code="r">Campos, Juan M. --</subfield>
         <subfield code="t">Municipalización al oeste de la Bética : de las promociones augusteas a la extension del ius latii flavio /</subfield>
         <subfield code="r">Bermejo, Javier --</subfield>
         <subfield code="r">Campos, Juan M. --</subfield>
         <subfield code="t">Ciudades occidentales del Conventus Hispalensis : Civitates, municipia y colonia /</subfield>
         <subfield code="r">Campos, Juan M. --</subfield>
         <subfield code="r">Vidal, Nuria de la O --</subfield>
         <subfield code="r">Bermejo, Javier --</subfield>
         <subfield code="r">Delgado, Salvador --</subfield>
         <subfield code="t">Ager, metalla, cetariae : las actividades económicas del territorio onubense, usos y recursos /</subfield>
         <subfield code="r">O’Kelly, Jessica --</subfield>
         <subfield code="r">Delgado, Salvador --</subfield>
         <subfield code="r">Bermejo, Javier --</subfield>
         <subfield code="r">Gómez, Águeda --</subfield>
         <subfield code="r">Vidal, Nuria de la O --</subfield>
         <subfield code="t">Cecas de Onuba, Ilipla, Ostur e Ituci : amonedación, circulación y significado /</subfield>
         <subfield code="r">Delgado, Salvador --</subfield>
         <subfield code="t">Rezando a los dioses : manifestaciones religiosas y culto imperial en las tierras del suroeste /</subfield>
         <subfield code="r">Vidal, Nuria de la O --</subfield>
         <subfield code="r">Camos, Juan M. --</subfield>
         <subfield code="r">Bermejo, Javier --</subfield>
         <subfield code="t">Mors et funus : pràcticas y ritos funerarios en el occidente Bético /</subfield>
         <subfield code="r">Fernández, Lucía --</subfield>
         <subfield code="t">Antigiiedad Tardía en el territorio onubense (s.s. III-VI) : hacía la transformación y calda del modelo de implantación de Roma /</subfield>
         <subfield code="r">Bermejo, Javier --</subfield>
         <subfield code="t">Mundo urbano romano en el occidente de la Bética : balance y perspectivas de futuro /</subfield>
         <subfield code="r">Bermejo, Javier --</subfield>
         <subfield code="r">Campos, Juan M.</subfield>
      </datafield>
      <datafield tag="651" ind1=" " ind2="0">
         <subfield code="a">Huelva (Spain : Province)</subfield>
         <subfield code="x">Antiquities, Roman.</subfield>
      </datafield>
      <datafield tag="650" ind1=" " ind2="0">
         <subfield code="a">Excavations (Archaeology)</subfield>
         <subfield code="z">Spain</subfield>
         <subfield code="z">Huelva (Province).</subfield>
      </datafield>
      <datafield tag="700" ind1="1" ind2=" ">
         <subfield code="a">Campos Carrasco, Juan M.</subfield>
         <subfield code="e">editor of compilation.</subfield>
      </datafield>
      <datafield tag="700" ind1="1" ind2=" ">
         <subfield code="a">Bermejo Melendez, Javier,</subfield>
         <subfield code="e">editor of compilation.</subfield>
      </datafield>
      <datafield tag="830" ind1=" " ind2="0">
         <subfield code="a">Hispania antigua</subfield>
         <subfield code="p">Serie historica ;</subfield>
         <subfield code="v">8.</subfield>
      </datafield>
      <datafield tag="994" ind1=" " ind2=" ">
         <subfield code="a">Z0</subfield>
         <subfield code="b">ZYU</subfield>
      </datafield>
      <datafield tag="OWN" ind1=" " ind2=" ">
         <subfield code="a">GENERAL</subfield>
      </datafield>
      <datafield tag="AVA" ind1=" " ind2=" ">
         <subfield code="a">NYU50</subfield>
         <subfield code="b">NISAW</subfield>
         <subfield code="c">Small Collection</subfield>
         <subfield code="d">DP302.H7 R65 2013</subfield>
         <subfield code="e">available</subfield>
         <subfield code="t">Available</subfield>
         <subfield code="f">1</subfield>
         <subfield code="g">0</subfield>
         <subfield code="h">N</subfield>
         <subfield code="i">0</subfield>
         <subfield code="j">SMALL</subfield>
         <subfield code="k">0</subfield>
      </datafield>
      <marc:datafield tag="852" ind1=" " ind2=" ">
         <marc:subfield code="b">Institute for the Study of the Ancient World, </marc:subfield>
         <marc:subfield code="c">Small Collection</marc:subfield>
         <marc:subfield code="e">15 East 84th St., </marc:subfield>
         <marc:subfield code="e">New York, NY  10028</marc:subfield>
      </marc:datafield>
   </record>