
  
  
  
  
  
 
  
  <record xsi:schemaLocation="http://www.loc.gov/MARC21/slim http://www.loc.gov/standards/marcxml/schema/MARC21slim.xsd">
      <leader>00000cam  2200505 i 4500</leader>
      <controlfield tag="FMT">BK</controlfield>
      <controlfield tag="LDR">00000cam  2200505 i 4500</controlfield>
      <controlfield tag="001">004099375</controlfield>
      <controlfield tag="003">OCoLC</controlfield>
      <controlfield tag="005">20150203154723.0</controlfield>
      <controlfield tag="008">150203t20142014gw ab    b    111 0 eng d</controlfield>
      <datafield tag="016" ind1="7" ind2=" ">
         <subfield code="a">1045578452</subfield>
         <subfield code="2">GyFmDB</subfield>
      </datafield>
      <datafield tag="016" ind1="7" ind2=" ">
         <subfield code="a">1045578452</subfield>
         <subfield code="2">DE-101</subfield>
      </datafield>
      <datafield tag="020" ind1=" " ind2=" ">
         <subfield code="a">9783525550625 (hd.bd.)</subfield>
      </datafield>
      <datafield tag="020" ind1=" " ind2=" ">
         <subfield code="a">3525550626 (hd.bd.)</subfield>
      </datafield>
      <datafield tag="020" ind1=" " ind2=" ">
         <subfield code="z">9783647550626 (online)</subfield>
      </datafield>
      <datafield tag="035" ind1=" " ind2=" ">
         <subfield code="a">(OCoLC)886291398</subfield>
         <subfield code="z">(OCoLC)864358606</subfield>
         <subfield code="z">(OCoLC)864495230</subfield>
      </datafield>
      <datafield tag="040" ind1=" " ind2=" ">
         <subfield code="a">OHX</subfield>
         <subfield code="b">eng</subfield>
         <subfield code="e">rda</subfield>
         <subfield code="c">OHX</subfield>
         <subfield code="d">OCLCO</subfield>
         <subfield code="d">BTCTA</subfield>
         <subfield code="d">YDXCP</subfield>
         <subfield code="d">EMT</subfield>
         <subfield code="d">OCLCO</subfield>
         <subfield code="d">ZCU</subfield>
         <subfield code="d">NNU</subfield>
      </datafield>
      <datafield tag="043" ind1=" " ind2=" ">
         <subfield code="a">a-is---</subfield>
      </datafield>
      <datafield tag="050" ind1=" " ind2="4">
         <subfield code="a">CN745</subfield>
         <subfield code="b">.S44 2014</subfield>
      </datafield>
      <datafield tag="072" ind1=" " ind2="7">
         <subfield code="a">CN</subfield>
         <subfield code="2">lcco</subfield>
      </datafield>
      <datafield tag="245" ind1="0" ind2="0">
         <subfield code="a">"See, I will bring a scroll recounting what befell me" (Ps 40:8) :</subfield>
         <subfield code="b">epigraphy and daily life from the Bible to the Talmud : dedicated to the memory of Professor Hanan Eshel /</subfield>
         <subfield code="c">Esther Eshel / Yigal Levin (ed.).</subfield>
      </datafield>
      <datafield tag="264" ind1=" " ind2="1">
         <subfield code="a">Göttingen :</subfield>
         <subfield code="b">Vandenhoeck &amp; Ruprecht,</subfield>
         <subfield code="c">[2014]</subfield>
      </datafield>
      <datafield tag="264" ind1=" " ind2="4">
         <subfield code="c">©2014</subfield>
      </datafield>
      <datafield tag="300" ind1=" " ind2=" ">
         <subfield code="a">245 pages :</subfield>
         <subfield code="b">60 illustrations, maps ;</subfield>
         <subfield code="c">24 cm.</subfield>
      </datafield>
      <datafield tag="336" ind1=" " ind2=" ">
         <subfield code="a">text</subfield>
         <subfield code="b">txt</subfield>
         <subfield code="2">rdacontent</subfield>
      </datafield>
      <datafield tag="337" ind1=" " ind2=" ">
         <subfield code="a">unmediated</subfield>
         <subfield code="b">n</subfield>
         <subfield code="2">rdamedia</subfield>
      </datafield>
      <datafield tag="338" ind1=" " ind2=" ">
         <subfield code="a">volume</subfield>
         <subfield code="b">nc</subfield>
         <subfield code="2">rdacarrier</subfield>
      </datafield>
      <datafield tag="490" ind1="1" ind2=" ">
         <subfield code="a">Journal of Ancient Judaism. Supplements ;</subfield>
         <subfield code="v">v. 12</subfield>
      </datafield>
      <datafield tag="500" ind1=" " ind2=" ">
         <subfield code="a">Proceedings of a conference held at the David and Jemima Jeselsohn Epigraphic Center for Jewish History in January 2011.</subfield>
      </datafield>
      <datafield tag="500" ind1=" " ind2=" ">
         <subfield code="a">Memorial volume.</subfield>
      </datafield>
      <datafield tag="504" ind1=" " ind2=" ">
         <subfield code="a">Includes bibliographical references and index.</subfield>
      </datafield>
      <datafield tag="505" ind1="0" ind2="0">
         <subfield code="t"/>
         <subfield code="t">Contribution of Hanan Eshel to the study of the Judean desert documents /</subfield>
         <subfield code="r">Schiffman, Marlene --</subfield>
         <subfield code="r">Schiffman, Lawrence H. --</subfield>
         <subfield code="t">Notes on the Kuntillet 'Ajrud inscriptions /</subfield>
         <subfield code="r">Aḥituv, Shmuel --</subfield>
         <subfield code="t">The inscriptions from Tel Rehov and their contribution to the study of script and writing during Iron Age IIA /</subfield>
         <subfield code="r">Aḥituv, Shmuel --</subfield>
         <subfield code="r">Mazar, Amihai --</subfield>
         <subfield code="t">Four short alphabetic inscriptions from late Iron Age Ila Tell es-Safi/Gath and their implications for the development of literacy in Iron Age Philistia and environs /</subfield>
         <subfield code="r">Maeir, Aren M. --</subfield>
         <subfield code="r">Eshel, Esther --</subfield>
         <subfield code="t">Researching literacy in ancient Israel - new approaches and recent developments /</subfield>
         <subfield code="r">Demsky, Aaron --</subfield>
         <subfield code="t">Scribes, writing, and epigraphy in the Second Temple period /</subfield>
         <subfield code="r">Grabbe, Lester L. --</subfield>
         <subfield code="t">Aramaic and Latin graffiti in an underground complex at Khirbet 'Arak Hala - north of Bet Guvrin /</subfield>
         <subfield code="r">Zissu, Boaz --</subfield>
         <subfield code="r">Langford, Boaz --</subfield>
         <subfield code="r">Ecker, Avner --</subfield>
         <subfield code="r">Eshel, Esther --</subfield>
         <subfield code="t">Inscriptions on the Yehud and the Hasmonean coins : historical perspectives /</subfield>
         <subfield code="r">Rappaport, Uriel --</subfield>
         <subfield code="t">Jewish bread stamps and wine and oil seals from the late Second Temple, Mishnaic, and Talmudic periods /</subfield>
         <subfield code="r">Amit, David --</subfield>
         <subfield code="t">Two dated Christian burial inscriptions from the Negev Desert /</subfield>
         <subfield code="r">Klein, Eitan --</subfield>
         <subfield code="r">Mamalya, Haim.</subfield>
      </datafield>
      <datafield tag="650" ind1=" " ind2="0">
         <subfield code="a">Jewish inscriptions</subfield>
         <subfield code="v">Congresses.</subfield>
      </datafield>
      <datafield tag="651" ind1=" " ind2="0">
         <subfield code="a">Israel</subfield>
         <subfield code="x">Antiquities</subfield>
         <subfield code="v">Congresses.</subfield>
      </datafield>
      <datafield tag="700" ind1="1" ind2=" ">
         <subfield code="a">Levin, Yigal</subfield>
         <subfield code="e">editor of compilation.</subfield>
      </datafield>
      <datafield tag="700" ind1="1" ind2=" ">
         <subfield code="a">Eshel, Esther</subfield>
         <subfield code="e">editor of compilation.</subfield>
      </datafield>
      <datafield tag="700" ind1="1" ind2=" ">
         <subfield code="a">Eshel, Ḥanan</subfield>
         <subfield code="e">honoree.</subfield>
      </datafield>
      <datafield tag="710" ind1="2" ind2=" ">
         <subfield code="a">Merkaz Yeselzon le-ḥeḳer toldot Yiśraʼel le-or ha-epigrafyah</subfield>
         <subfield code="e">host institution.</subfield>
      </datafield>
      <datafield tag="776" ind1="0" ind2=" ">
         <subfield code="w">(GyWOH)har145014055</subfield>
      </datafield>
      <datafield tag="830" ind1=" " ind2="0">
         <subfield code="a">Journal of ancient Judaism.</subfield>
         <subfield code="p">Supplements ;</subfield>
         <subfield code="v">v. 12.</subfield>
      </datafield>
      <datafield tag="994" ind1=" " ind2=" ">
         <subfield code="a">Z0</subfield>
         <subfield code="b">ZYU</subfield>
      </datafield>
      <datafield tag="OWN" ind1=" " ind2=" ">
         <subfield code="a">GENERAL</subfield>
      </datafield>
      <datafield tag="AVA" ind1=" " ind2=" ">
         <subfield code="a">NYU50</subfield>
         <subfield code="b">NISAW</subfield>
         <subfield code="c">Small Collection</subfield>
         <subfield code="d">CN745 .S44 2014</subfield>
         <subfield code="e">available</subfield>
         <subfield code="t">Available</subfield>
         <subfield code="f">1</subfield>
         <subfield code="g">0</subfield>
         <subfield code="h">N</subfield>
         <subfield code="i">0</subfield>
         <subfield code="j">SMALL</subfield>
         <subfield code="k">0</subfield>
      </datafield>
      <marc:datafield tag="852" ind1=" " ind2=" ">
         <marc:subfield code="b">Institute for the Study of the Ancient World, </marc:subfield>
         <marc:subfield code="c">Small Collection</marc:subfield>
         <marc:subfield code="e">15 East 84th St., </marc:subfield>
         <marc:subfield code="e">New York, NY  10028</marc:subfield>
      </marc:datafield>
   </record>