
  
  
  
  
  
  
 
  
  <record xsi:schemaLocation="http://www.loc.gov/MARC21/slim http://www.loc.gov/standards/marcxml/schema/MARC21slim.xsd">
      <leader>00000cam  2200385 a 4500</leader>
      <controlfield tag="FMT">BK</controlfield>
      <controlfield tag="LDR">00000cam  2200385 a 4500</controlfield>
      <controlfield tag="001">004099336</controlfield>
      <controlfield tag="003">OCoLC</controlfield>
      <controlfield tag="005">20150203143559.0</controlfield>
      <controlfield tag="008">150203s2011    au ab    bc   000 0 ger d</controlfield>
      <datafield tag="020" ind1=" " ind2=" ">
         <subfield code="z">3854602655</subfield>
      </datafield>
      <datafield tag="020" ind1=" " ind2=" ">
         <subfield code="a">9783854602651 (hd.bd.)</subfield>
      </datafield>
      <datafield tag="020" ind1=" " ind2=" ">
         <subfield code="a">3854602650 (hd.bd.)</subfield>
      </datafield>
      <datafield tag="035" ind1=" " ind2=" ">
         <subfield code="a">(OCoLC)773987407</subfield>
      </datafield>
      <datafield tag="040" ind1=" " ind2=" ">
         <subfield code="a">HLS</subfield>
         <subfield code="c">HLS</subfield>
         <subfield code="d">OCL</subfield>
         <subfield code="d">OCLCO</subfield>
         <subfield code="d">NNU</subfield>
      </datafield>
      <datafield tag="043" ind1=" " ind2=" ">
         <subfield code="a">e-au---</subfield>
      </datafield>
      <datafield tag="050" ind1=" " ind2="4">
         <subfield code="a">DB879.C3</subfield>
         <subfield code="b">G68 2011</subfield>
      </datafield>
      <datafield tag="245" ind1="0" ind2="0">
         <subfield code="a">Götterbilder, Menschenbilder :</subfield>
         <subfield code="b">Religion und Kulte in Carnuntum /</subfield>
         <subfield code="c">herausgegeben von Franz Humer, Gabrielle Kremer.</subfield>
      </datafield>
      <datafield tag="246" ind1="3" ind2="0">
         <subfield code="a">Religion und Kulte in Carnuntum</subfield>
      </datafield>
      <datafield tag="260" ind1=" " ind2=" ">
         <subfield code="a">Bad Deutsch-Altenburg :</subfield>
         <subfield code="b">Amt der NÖ Landesregierung, Abt. Kultur und Wissenschaft,</subfield>
         <subfield code="c">c2011.</subfield>
      </datafield>
      <datafield tag="300" ind1=" " ind2=" ">
         <subfield code="a">472 p. :</subfield>
         <subfield code="b">chiefly ill. (chiefly col.), col. maps ;</subfield>
         <subfield code="c">31 cm.</subfield>
      </datafield>
      <datafield tag="490" ind1="1" ind2=" ">
         <subfield code="a">Katalog des NÖ Landesmuseums ;</subfield>
         <subfield code="v">Neue Folge, Nr. 498</subfield>
      </datafield>
      <datafield tag="500" ind1=" " ind2=" ">
         <subfield code="a">Exhibition catalog.</subfield>
      </datafield>
      <datafield tag="500" ind1=" " ind2=" ">
         <subfield code="a">"Ausstellung im Rahmen der Niederösterreichischen Landesausstellung 2011 'Erobern - Entdecken - Erleben im Römerland Carnuntum' im Archäologischen Museum Carnuntinum, Bad Deutsch-Altenburg, 16. April 2011 bis 15. November 2012"--Colophon.</subfield>
      </datafield>
      <datafield tag="504" ind1=" " ind2=" ">
         <subfield code="a">Includes bibliographical references (p. 440-471).</subfield>
      </datafield>
      <datafield tag="505" ind1="0" ind2="0">
         <subfield code="t">Zum Anliegen der Ausstellung --</subfield>
         <subfield code="t">Götterwelt in Rom /</subfield>
         <subfield code="r">Scheid, John --</subfield>
         <subfield code="t">Religion in den Provinzen Roms /</subfield>
         <subfield code="r">Schäfer, Alfred --</subfield>
         <subfield code="t">Wie die Römer die Götter gebildet : Gottesbild und Götterbilder /</subfield>
         <subfield code="r">Bauchhenss, Gerhard --</subfield>
         <subfield code="t">Römische Tempel : Häuser für die Götter /</subfield>
         <subfield code="r">Ertel, Christine --</subfield>
         <subfield code="t">Gaben für die Götter /</subfield>
         <subfield code="r">Siebert, Anne Viola --</subfield>
         <subfield code="t">Kommunizieren mit den Göttern /</subfield>
         <subfield code="r">Alexandrescu, Cristina-Georgeta --</subfield>
         <subfield code="t">Dis manibus : den Totengöttern /</subfield>
         <subfield code="r">Witteyer, Marion --</subfield>
         <subfield code="t">Ausgewählte Quellen zusammengestellt von G. Bauchhenss --</subfield>
         <subfield code="t">Kulte in Carnuntum /</subfield>
         <subfield code="r">Gugl, Christian --</subfield>
         <subfield code="r">Kremer, Gabrielle --</subfield>
         <subfield code="t">Kulte in und um Vindobona /</subfield>
         <subfield code="r">Kronberger, Michaela --</subfield>
         <subfield code="r">Mosser, Martin --</subfield>
         <subfield code="t">Kaiserkult und Volksglaube im Bereich der Bernsteinstrasse /</subfield>
         <subfield code="r">Tóth, Endre --</subfield>
         <subfield code="t">Kulte in Pannonien /</subfield>
         <subfield code="r">Szabó, Ádám --</subfield>
         <subfield code="t">Frühes Christentum in Nordwest-Pannonien /</subfield>
         <subfield code="r">Pillinger, Renate --</subfield>
         <subfield code="t">Bildtafeln --</subfield>
         <subfield code="t">Katalog.</subfield>
         <subfield code="t">Dis deabusque : Römisches Pantheon an der Donau --</subfield>
         <subfield code="t">Iuppiter Dolichenus : Gott der Soldaten aus dem Orient --</subfield>
         <subfield code="t">Soldaten, Bürger, Kaiser : Mithras in Carnuntum --</subfield>
         <subfield code="t">Mithräum I "Am Stein" /</subfield>
         <subfield code="r">Gugl, Christian --</subfield>
         <subfield code="r">Kremer, Gabrielle --</subfield>
         <subfield code="t">In antro : "In der Höhle" --</subfield>
         <subfield code="t">Mysterienkulte : Was geben di Quellen preis? --</subfield>
         <subfield code="t">Kaiser und Gott : das Heiligtum auf dem Pfaffenberg --</subfield>
         <subfield code="t">Tempelbezirk auf dem Pfaffenberg /</subfield>
         <subfield code="r">Bernát, Michal --</subfield>
         <subfield code="r">Ďurianová, Andrea --</subfield>
         <subfield code="r">Jobst, Werner --</subfield>
         <subfield code="r">Piras, Rita --</subfield>
         <subfield code="t">Integration : Römische Götter aus aller Welt --</subfield>
         <subfield code="t">Serapis und Isis : Ägypten in Carnuntum --</subfield>
         <subfield code="t">Heliopolitanische Götter : Syrien in Carnuntum --</subfield>
         <subfield code="t">Heiligtum des Iuppiter Heliopolitanus in den östlichen Canabae /</subfield>
         <subfield code="r">Gassner, Verena --</subfield>
         <subfield code="r">Steigberger, Eva --</subfield>
         <subfield code="t">Legionäre : Gruppenzwang und persönlicher Glaube --</subfield>
         <subfield code="t">Kultbauten im Legionslager /</subfield>
         <subfield code="r">Gugl, Christian --</subfield>
         <subfield code="r">Kremer, Gabrielle --</subfield>
         <subfield code="t">Opfer : Wie kommuniziert man mit den Göttern? --</subfield>
         <subfield code="t">Gemmen und Kameen : Götterwelt im Kleinen --</subfield>
         <subfield code="t">In Zentrum der Macht : Loyalität und Pflicht --</subfield>
      </datafield>
      <datafield tag="505" ind1="0" ind2="0">
         <subfield code="t">Münzen : Götter als Garanten --</subfield>
         <subfield code="t">Diana Nemesis : Kult in der Arena --</subfield>
         <subfield code="t">Nemesis-Heiligtum beim Militäramphitheater /</subfield>
         <subfield code="r">Boulasikis, Dimitrios --</subfield>
         <subfield code="r">Weber-Hiden, Ingrid --</subfield>
         <subfield code="t">Zauber : Kann man Unheil abwehren? --</subfield>
         <subfield code="t">Stifter : Carnuntiner Bürger stellen sich vor --</subfield>
         <subfield code="t">Schutz und Hilfe : Private Religiosität --</subfield>
         <subfield code="t">Stadt und Gemeinschaft : Götter stiften Identität --</subfield>
         <subfield code="t">Weisser Marmor : Wo kamen die Götterbilder her? --</subfield>
         <subfield code="t">Do ut des : "Ich gebe, damit du gibst" --</subfield>
         <subfield code="t">Lebensfreude : Dionysos und seine Welt --</subfield>
         <subfield code="t">Dis manibus : "Den Totengöttern" --</subfield>
         <subfield code="t">Bilderwelt : Symbolik des Alltags --</subfield>
         <subfield code="t">Ausgedient : Das Ende der heidnischen Kulte --</subfield>
         <subfield code="t">Der eine Gott : Die ersten Juden und Christen in Carnuntum.</subfield>
      </datafield>
      <datafield tag="651" ind1=" " ind2="0">
         <subfield code="a">Carnuntum (Extinct city)</subfield>
         <subfield code="v">Exhibitions.</subfield>
      </datafield>
      <datafield tag="651" ind1=" " ind2="0">
         <subfield code="a">Austria</subfield>
         <subfield code="x">Antiquities, Roman</subfield>
         <subfield code="v">Exhibitions.</subfield>
      </datafield>
      <datafield tag="650" ind1=" " ind2="0">
         <subfield code="a">Gods, Roman, in art</subfield>
         <subfield code="v">Exhibitions.</subfield>
      </datafield>
      <datafield tag="650" ind1=" " ind2="0">
         <subfield code="a">Idols and images</subfield>
         <subfield code="z">Austria</subfield>
         <subfield code="z">Carnuntum (Extinct city)</subfield>
         <subfield code="v">Exhibitions.</subfield>
      </datafield>
      <datafield tag="650" ind1=" " ind2="0">
         <subfield code="a">Idols and images</subfield>
         <subfield code="z">Rome</subfield>
         <subfield code="v">Exhibitions.</subfield>
      </datafield>
      <datafield tag="651" ind1=" " ind2="0">
         <subfield code="a">Rome</subfield>
         <subfield code="x">Religion</subfield>
         <subfield code="v">Exhibitions.</subfield>
      </datafield>
      <datafield tag="700" ind1="1" ind2=" ">
         <subfield code="a">Humer, F.</subfield>
         <subfield code="q">(Franz)</subfield>
      </datafield>
      <datafield tag="700" ind1="1" ind2=" ">
         <subfield code="a">Kremer, Gabrielle.</subfield>
      </datafield>
      <datafield tag="710" ind1="2" ind2=" ">
         <subfield code="a">Museum Carnuntinum.</subfield>
      </datafield>
      <datafield tag="830" ind1=" " ind2="0">
         <subfield code="a">Katalog des Niederösterreichischen Landesmuseums ;</subfield>
         <subfield code="v">n.F., Nr. 498.</subfield>
      </datafield>
      <datafield tag="994" ind1=" " ind2=" ">
         <subfield code="a">Z0</subfield>
         <subfield code="b">ZYU</subfield>
      </datafield>
      <datafield tag="OWN" ind1=" " ind2=" ">
         <subfield code="a">GENERAL</subfield>
      </datafield>
      <datafield tag="AVA" ind1=" " ind2=" ">
         <subfield code="a">NYU50</subfield>
         <subfield code="b">NISAW</subfield>
         <subfield code="c">Large Collection</subfield>
         <subfield code="d">DB879.C3 G68 2011</subfield>
         <subfield code="e">available</subfield>
         <subfield code="t">Available</subfield>
         <subfield code="f">1</subfield>
         <subfield code="g">0</subfield>
         <subfield code="h">N</subfield>
         <subfield code="i">0</subfield>
         <subfield code="j">LARGE</subfield>
         <subfield code="k">0</subfield>
      </datafield>
      <marc:datafield tag="852" ind1=" " ind2=" ">
         <marc:subfield code="b">Institute for the Study of the Ancient World, </marc:subfield>
         <marc:subfield code="c">Large Collection</marc:subfield>
         <marc:subfield code="e">15 East 84th St., </marc:subfield>
         <marc:subfield code="e">New York, NY  10028</marc:subfield>
      </marc:datafield>
   </record>