
  
  
  
  
  
  
 
  
  <record xsi:schemaLocation="http://www.loc.gov/MARC21/slim http://www.loc.gov/standards/marcxml/schema/MARC21slim.xsd">
      <leader>00000cam  2200589 a 4500</leader>
      <controlfield tag="FMT">BK</controlfield>
      <controlfield tag="LDR">00000cam  2200589 a 4500</controlfield>
      <controlfield tag="001">004099376</controlfield>
      <controlfield tag="003">OCoLC</controlfield>
      <controlfield tag="005">20150203155849.0</controlfield>
      <controlfield tag="008">150203s2013    tu a     bc   000 0 eng d</controlfield>
      <datafield tag="020" ind1=" " ind2=" ">
         <subfield code="a">9786054701247</subfield>
      </datafield>
      <datafield tag="020" ind1=" " ind2=" ">
         <subfield code="a">605470124X</subfield>
      </datafield>
      <datafield tag="035" ind1=" " ind2=" ">
         <subfield code="a">(OCoLC)860753661</subfield>
         <subfield code="z">(OCoLC)859883628</subfield>
      </datafield>
      <datafield tag="040" ind1=" " ind2=" ">
         <subfield code="a">BTCTA</subfield>
         <subfield code="b">eng</subfield>
         <subfield code="c">BTCTA</subfield>
         <subfield code="d">DDO</subfield>
         <subfield code="d">OCLCO</subfield>
         <subfield code="d">YDXCP</subfield>
         <subfield code="d">YKM</subfield>
         <subfield code="d">OCLCF</subfield>
         <subfield code="d">TXA</subfield>
         <subfield code="d">NNU</subfield>
      </datafield>
      <datafield tag="041" ind1="1" ind2=" ">
         <subfield code="a">eng</subfield>
         <subfield code="a">tur</subfield>
         <subfield code="h">tur</subfield>
      </datafield>
      <datafield tag="043" ind1=" " ind2=" ">
         <subfield code="a">a-tu---</subfield>
         <subfield code="a">mm-----</subfield>
      </datafield>
      <datafield tag="050" ind1=" " ind2="4">
         <subfield code="a">DR741.K87</subfield>
         <subfield code="b">U58 2013</subfield>
      </datafield>
      <datafield tag="111" ind1="2" ind2=" ">
         <subfield code="a">Uluslararası Sevgi Gönül Bizans Araştırmaları Sempozyumu</subfield>
         <subfield code="n">(3rd :</subfield>
         <subfield code="d">2013)</subfield>
      </datafield>
      <datafield tag="245" ind1="1" ind2="0">
         <subfield code="a">Bizansli Ustalar, Latin patronlar :</subfield>
         <subfield code="b">Kuşadası yakınındaki Kadıkalesi kazıları işığında Anaia ticari üretiminden yansımalar /</subfield>
         <subfield code="c">editör Zeynep Mercangöz = Byzantine craftsmen, Latin patrons : reflections from the Anaian commercial production in the light of the excavations at Kadıkalesi nearby Kuşadası / editor Zeynep Mercangöz.</subfield>
      </datafield>
      <datafield tag="246" ind1="3" ind2="1">
         <subfield code="a">Byzantine craftsmen, Latin patrons :</subfield>
         <subfield code="b">reflections from the Anaian commercial production in the light of the excavations at Kadıkalesi nearby Kuşadası</subfield>
      </datafield>
      <datafield tag="260" ind1=" " ind2=" ">
         <subfield code="a">[Istanbul] :</subfield>
         <subfield code="b">Ege Yayinlari,</subfield>
         <subfield code="c">2013.</subfield>
      </datafield>
      <datafield tag="300" ind1=" " ind2=" ">
         <subfield code="a">229 p. :</subfield>
         <subfield code="b">ill. (some col.) ;</subfield>
         <subfield code="c">28 cm.</subfield>
      </datafield>
      <datafield tag="546" ind1=" " ind2=" ">
         <subfield code="a">In English and Turkish.</subfield>
      </datafield>
      <datafield tag="500" ind1=" " ind2=" ">
         <subfield code="a">"Haziran-June 2013."</subfield>
      </datafield>
      <datafield tag="500" ind1=" " ind2=" ">
         <subfield code="a">"This book has been published on the occasion of the 3rd International Sevgi Gönül Byzantine Studies Symposium"--Colophon.</subfield>
      </datafield>
      <datafield tag="504" ind1=" " ind2=" ">
         <subfield code="a">Includes bibliographical references (p. [175]-187).</subfield>
      </datafield>
      <datafield tag="505" ind1="0" ind2="0">
         <subfield code="t">Archaeological finds on late Byzantine commercial productions at Kadıkalesi, Kuşadası /</subfield>
         <subfield code="r">Mercangöz, Zeynep --</subfield>
         <subfield code="t">Zeuxippus type ceramics and samples from Kadıkalesi/Anaia, Kuşadası /</subfield>
         <subfield code="r">Inanan, Filiz --</subfield>
         <subfield code="t">Material characteristics and production technology of zeuxippus ware type ceramics from Kuşadası Kadıkalesi/Anaia /</subfield>
         <subfield code="r">Kırmızı, Burcu --</subfield>
         <subfield code="t">Comparison of Byzantine fine sgraffito and incised-sgraffito (coarse sgraffito) ware from Kuşadası, Kadıkalesi/Anaia excavation /</subfield>
         <subfield code="r">Ünaler, Meral Budak --</subfield>
         <subfield code="r">Akkurt, Sedat --</subfield>
         <subfield code="r">Doğer, Lale --</subfield>
         <subfield code="r">Kozáková, Romana --</subfield>
         <subfield code="t">Identification and diffusion of Anaia's ceramic products: a preliminary approach using chemical analysis /</subfield>
         <subfield code="r">Waksman, S. Yona --</subfield>
         <subfield code="t">Late Byzantine commercial amphorae in Kadıkalesi/Anaia /</subfield>
         <subfield code="r">Mimaroğlu, Sinan --</subfield>
         <subfield code="t">Glass production in Kadıkalesi /</subfield>
         <subfield code="r">Hazinedar, Tümay Coşkun --</subfield>
         <subfield code="t">Place of the Anaian glass production in the late Byzantine glassworld /</subfield>
         <subfield code="r">Çakmakçı, Zeynep Oral --</subfield>
         <subfield code="t">Other evidence on late Byzantine production and trade at Kadıkalesi /</subfield>
         <subfield code="r">Altun, Feride Imrana --</subfield>
         <subfield code="t">Latin patrons of commercial production in Kadıkalesi/Anaia /</subfield>
         <subfield code="r">Mercangöz, Zeynep.</subfield>
      </datafield>
      <datafield tag="650" ind1=" " ind2="0">
         <subfield code="a">Excavations (Archaeology)</subfield>
         <subfield code="z">Turkey</subfield>
         <subfield code="z">Kuşadası.</subfield>
      </datafield>
      <datafield tag="650" ind1=" " ind2="0">
         <subfield code="a">Pottery, Byzantine</subfield>
         <subfield code="z">Turkey</subfield>
         <subfield code="z">Kuşadası</subfield>
         <subfield code="v">Catalogs.</subfield>
      </datafield>
      <datafield tag="650" ind1=" " ind2="0">
         <subfield code="a">Glassware, Byzantine</subfield>
         <subfield code="z">Turkey</subfield>
         <subfield code="z">Kuşadası</subfield>
         <subfield code="v">Catalogs.</subfield>
      </datafield>
      <datafield tag="650" ind1=" " ind2="0">
         <subfield code="a">Commercial products</subfield>
         <subfield code="z">Byzantine Empire</subfield>
         <subfield code="x">History.</subfield>
      </datafield>
      <datafield tag="650" ind1=" " ind2="0">
         <subfield code="a">Artisans</subfield>
         <subfield code="z">Byzantine Empire</subfield>
         <subfield code="x">History.</subfield>
      </datafield>
      <datafield tag="651" ind1=" " ind2="0">
         <subfield code="a">Kuşadası (Turkey)</subfield>
         <subfield code="x">Antiquities.</subfield>
      </datafield>
      <datafield tag="650" ind1=" " ind2="7">
         <subfield code="a">Antiquities.</subfield>
         <subfield code="2">fast</subfield>
         <subfield code="0">(OCoLC)fst00810745</subfield>
      </datafield>
      <datafield tag="650" ind1=" " ind2="7">
         <subfield code="a">Artisans.</subfield>
         <subfield code="2">fast</subfield>
         <subfield code="0">(OCoLC)fst00817519</subfield>
      </datafield>
      <datafield tag="650" ind1=" " ind2="7">
         <subfield code="a">Commercial products.</subfield>
         <subfield code="2">fast</subfield>
         <subfield code="0">(OCoLC)fst00869578</subfield>
      </datafield>
      <datafield tag="650" ind1=" " ind2="7">
         <subfield code="a">Excavations (Archaeology)</subfield>
         <subfield code="2">fast</subfield>
         <subfield code="0">(OCoLC)fst00917564</subfield>
      </datafield>
      <datafield tag="650" ind1=" " ind2="7">
         <subfield code="a">Glassware, Byzantine.</subfield>
         <subfield code="2">fast</subfield>
         <subfield code="0">(OCoLC)fst00943342</subfield>
      </datafield>
      <datafield tag="650" ind1=" " ind2="7">
         <subfield code="a">Pottery, Byzantine.</subfield>
         <subfield code="2">fast</subfield>
         <subfield code="0">(OCoLC)fst01073690</subfield>
      </datafield>
      <datafield tag="651" ind1=" " ind2="7">
         <subfield code="a">Byzantine Empire.</subfield>
         <subfield code="2">fast</subfield>
         <subfield code="0">(OCoLC)fst01209292</subfield>
      </datafield>
      <datafield tag="651" ind1=" " ind2="7">
         <subfield code="a">Turkey</subfield>
         <subfield code="z">Kuşadası.</subfield>
         <subfield code="2">fast</subfield>
         <subfield code="0">(OCoLC)fst01249451</subfield>
      </datafield>
      <datafield tag="655" ind1=" " ind2="7">
         <subfield code="a">History.</subfield>
         <subfield code="2">fast</subfield>
         <subfield code="0">(OCoLC)fst01411628</subfield>
      </datafield>
      <datafield tag="700" ind1="1" ind2=" ">
         <subfield code="a">Mercangöz, Zeynep,</subfield>
         <subfield code="e">editor of compilation.</subfield>
      </datafield>
      <datafield tag="994" ind1=" " ind2=" ">
         <subfield code="a">Z0</subfield>
         <subfield code="b">ZYU</subfield>
      </datafield>
      <datafield tag="OWN" ind1=" " ind2=" ">
         <subfield code="a">GENERAL</subfield>
      </datafield>
      <datafield tag="AVA" ind1=" " ind2=" ">
         <subfield code="a">NYU50</subfield>
         <subfield code="b">NISAW</subfield>
         <subfield code="c">Large Collection</subfield>
         <subfield code="d">DR741.K87 U58 2013</subfield>
         <subfield code="e">available</subfield>
         <subfield code="t">Available</subfield>
         <subfield code="f">1</subfield>
         <subfield code="g">0</subfield>
         <subfield code="h">N</subfield>
         <subfield code="i">0</subfield>
         <subfield code="j">LARGE</subfield>
         <subfield code="k">0</subfield>
      </datafield>
      <marc:datafield tag="852" ind1=" " ind2=" ">
         <marc:subfield code="b">Institute for the Study of the Ancient World, </marc:subfield>
         <marc:subfield code="c">Large Collection</marc:subfield>
         <marc:subfield code="e">15 East 84th St., </marc:subfield>
         <marc:subfield code="e">New York, NY  10028</marc:subfield>
      </marc:datafield>
   </record>