
  
  
  
  
  
 
  
  <record xsi:schemaLocation="http://www.loc.gov/MARC21/slim http://www.loc.gov/standards/marcxml/schema/MARC21slim.xsd">
      <leader>00000cam  2200289 a 4500</leader>
      <controlfield tag="FMT">BK</controlfield>
      <controlfield tag="LDR">00000cam  2200289 a 4500</controlfield>
      <controlfield tag="001">004097694</controlfield>
      <controlfield tag="003">OCoLC</controlfield>
      <controlfield tag="005">20150203095744.0</controlfield>
      <controlfield tag="008">150130s2004    au ab    bc   000 0 eng d</controlfield>
      <datafield tag="016" ind1="7" ind2=" ">
         <subfield code="a">014922214</subfield>
         <subfield code="2">Uk</subfield>
      </datafield>
      <datafield tag="020" ind1=" " ind2=" ">
         <subfield code="a">3854602170 (pbk.)</subfield>
      </datafield>
      <datafield tag="020" ind1=" " ind2=" ">
         <subfield code="a">9783854602170 (pbk.)</subfield>
      </datafield>
      <datafield tag="035" ind1=" " ind2=" ">
         <subfield code="a">(OCoLC)751556370</subfield>
      </datafield>
      <datafield tag="040" ind1=" " ind2=" ">
         <subfield code="a">UKMGB</subfield>
         <subfield code="b">eng</subfield>
         <subfield code="c">UKMGB</subfield>
         <subfield code="d">OCLCO</subfield>
         <subfield code="d">NNU</subfield>
      </datafield>
      <datafield tag="043" ind1=" " ind2=" ">
         <subfield code="a">e-au---</subfield>
      </datafield>
      <datafield tag="050" ind1=" " ind2="4">
         <subfield code="a">DB879.C3</subfield>
         <subfield code="b">M37 2004</subfield>
      </datafield>
      <datafield tag="245" ind1="0" ind2="0">
         <subfield code="a">Marc Aurel und Carnuntum /</subfield>
         <subfield code="c">herausgegeben von Franz Humer.</subfield>
      </datafield>
      <datafield tag="260" ind1=" " ind2=" ">
         <subfield code="a">Horn :</subfield>
         <subfield code="b">Amt der NÖ Landesregierung, Abt. Kultur und Wissenschaft,</subfield>
         <subfield code="c">c2004.</subfield>
      </datafield>
      <datafield tag="300" ind1=" " ind2=" ">
         <subfield code="a">216 p. :</subfield>
         <subfield code="b">ill. (some col.), maps (some col.) ;</subfield>
         <subfield code="c">29 cm.</subfield>
      </datafield>
      <datafield tag="500" ind1=" " ind2=" ">
         <subfield code="a">"Sonderausstellung aus Anlass des Jubiläums "100 Jahre Archäologisches Museum Carnuntinum", Bad Deutsch-Altenburg 20.03.-15.12.2004".--T.p verso.</subfield>
      </datafield>
      <datafield tag="504" ind1=" " ind2=" ">
         <subfield code="a">Includes bibliographical references.</subfield>
      </datafield>
      <datafield tag="505" ind1="0" ind2="0">
         <subfield code="t">100 Jahre Museum Carnuntinum (1904-2004).</subfield>
         <subfield code="t">Zur Baugeschichte und Architektur des Museums /</subfield>
         <subfield code="r">Pühringer, Reinhard --</subfield>
         <subfield code="t">Museum nach dem zweiten Weltkrieg : ein Neubeginn /</subfield>
         <subfield code="r">Vorbeck, Eduard --</subfield>
         <subfield code="t">Bauliche Umgestaltung des Museums 1986-1992 : eine Referenz an Friederich Ohmann /</subfield>
         <subfield code="r">Puchhammer, Hans --</subfield>
         <subfield code="t">Ausstellung im Museum 1992 /</subfield>
         <subfield code="r">Jobst, Werner --</subfield>
         <subfield code="t">Museum und die Gesellschaft der Freunde Carnuntums /</subfield>
         <subfield code="r">Stiglitz, Herma.</subfield>
         <subfield code="t">Marc Aurel und seine Zeit.</subfield>
         <subfield code="t">Marc Aurel und Carnuntum /</subfield>
         <subfield code="r">Kandler, Manfred --</subfield>
         <subfield code="t">"Barbaren" : Gegnerschaft oder Koexistenz einer Völkergruppe? /</subfield>
         <subfield code="r">Müller, Wolfgang --</subfield>
         <subfield code="t">Antoninen : das Kunstschaffen einer Epoche /</subfield>
         <subfield code="r">Wohlmayr, Wolfgang --</subfield>
         <subfield code="t">Marc Aurel : der Philosoph /</subfield>
         <subfield code="r">Gombocz, Wolfgang --</subfield>
         <subfield code="r">Plöschberger, Doris.</subfield>
         <subfield code="t">Katalog der Exponate.</subfield>
         <subfield code="t">Säule des Marc Aurel --</subfield>
         <subfield code="t">Markomannenkrieg, Germanen und Seuche --</subfield>
         <subfield code="t">Bildwerke des 2. Jahrhunderts --</subfield>
         <subfield code="t">Heiligtum des Jupiter Dolichenus in Carnuntum --</subfield>
         <subfield code="t">Kaiser Antoninus Pius, Marc Aurel, Lucius Verus und Commodus --</subfield>
         <subfield code="t">Carnuntum im Zeitalter Marc Aurels --</subfield>
         <subfield code="t">Nachwirken Marc Aurels.</subfield>
      </datafield>
      <datafield tag="600" ind1="0" ind2="0">
         <subfield code="a">Marcus Aurelius,</subfield>
         <subfield code="c">Emperor of Rome,</subfield>
         <subfield code="d">121-180</subfield>
         <subfield code="v">Exhibitions.</subfield>
      </datafield>
      <datafield tag="610" ind1="2" ind2="0">
         <subfield code="a">Museum Carnuntinum</subfield>
         <subfield code="v">Exhibitions.</subfield>
      </datafield>
      <datafield tag="651" ind1=" " ind2="0">
         <subfield code="a">Carnuntum (Extinct city)</subfield>
         <subfield code="v">Exhibitions.</subfield>
      </datafield>
      <datafield tag="651" ind1=" " ind2="0">
         <subfield code="a">Lower Austria (Austria)</subfield>
         <subfield code="x">Antiquities, Roman</subfield>
         <subfield code="v">Exhibitions.</subfield>
      </datafield>
      <datafield tag="700" ind1="1" ind2=" ">
         <subfield code="a">Humer, F.</subfield>
         <subfield code="q">(Franz)</subfield>
         <subfield code="e">editor of compilation.</subfield>
      </datafield>
      <datafield tag="710" ind1="2" ind2=" ">
         <subfield code="a">Amt der Niederösterreichischen Landesregierung.</subfield>
         <subfield code="b">Abteilung Kultur und Wissenschaft.</subfield>
      </datafield>
      <datafield tag="994" ind1=" " ind2=" ">
         <subfield code="a">Z0</subfield>
         <subfield code="b">ZYU</subfield>
      </datafield>
      <datafield tag="OWN" ind1=" " ind2=" ">
         <subfield code="a">GENERAL</subfield>
      </datafield>
      <datafield tag="AVA" ind1=" " ind2=" ">
         <subfield code="a">NYU50</subfield>
         <subfield code="b">NISAW</subfield>
         <subfield code="c">Large Collection</subfield>
         <subfield code="d">DB879.C3 M37 2004</subfield>
         <subfield code="e">available</subfield>
         <subfield code="t">Available</subfield>
         <subfield code="f">1</subfield>
         <subfield code="g">0</subfield>
         <subfield code="h">N</subfield>
         <subfield code="i">0</subfield>
         <subfield code="j">LARGE</subfield>
         <subfield code="k">0</subfield>
      </datafield>
      <marc:datafield tag="852" ind1=" " ind2=" ">
         <marc:subfield code="b">Institute for the Study of the Ancient World, </marc:subfield>
         <marc:subfield code="c">Large Collection</marc:subfield>
         <marc:subfield code="e">15 East 84th St., </marc:subfield>
         <marc:subfield code="e">New York, NY  10028</marc:subfield>
      </marc:datafield>
   </record>