
  
  
  
  
  
  
 
  
  <record xsi:schemaLocation="http://www.loc.gov/MARC21/slim http://www.loc.gov/standards/marcxml/schema/MARC21slim.xsd">
      <leader>00000cam  2200421 i 4500</leader>
      <controlfield tag="FMT">BK</controlfield>
      <controlfield tag="LDR">00000cam  2200421 i 4500</controlfield>
      <controlfield tag="001">004099785</controlfield>
      <controlfield tag="003">OCoLC</controlfield>
      <controlfield tag="005">20150204121217.0</controlfield>
      <controlfield tag="008">150204s2013    it abe   b    000 0 spa d</controlfield>
      <datafield tag="020" ind1=" " ind2=" ">
         <subfield code="a">9788891300089</subfield>
      </datafield>
      <datafield tag="020" ind1=" " ind2=" ">
         <subfield code="a">889130008X</subfield>
      </datafield>
      <datafield tag="035" ind1=" " ind2=" ">
         <subfield code="a">(OCoLC)893418371</subfield>
      </datafield>
      <datafield tag="040" ind1=" " ind2=" ">
         <subfield code="a">C3L</subfield>
         <subfield code="b">eng</subfield>
         <subfield code="e">rda</subfield>
         <subfield code="c">C3L</subfield>
         <subfield code="d">OCLCQ</subfield>
         <subfield code="d">HLS</subfield>
         <subfield code="d">OCLCO</subfield>
         <subfield code="d">OCLCQ</subfield>
         <subfield code="d">NNU</subfield>
      </datafield>
      <datafield tag="043" ind1=" " ind2=" ">
         <subfield code="a">f-mr---</subfield>
      </datafield>
      <datafield tag="050" ind1=" " ind2="4">
         <subfield code="a">DT329.T15</subfield>
         <subfield code="b">A77 2013</subfield>
      </datafield>
      <datafield tag="082" ind1="1" ind2="4">
         <subfield code="a">725</subfield>
         <subfield code="2">14</subfield>
      </datafield>
      <datafield tag="245" ind1="0" ind2="3">
         <subfield code="a">La arquitectura militar del Castellum de Tamuda :</subfield>
         <subfield code="b">los sistemas difensivos /</subfield>
         <subfield code="c">Juan M. Campos, Javier Bermejo, editores.</subfield>
      </datafield>
      <datafield tag="264" ind1=" " ind2="1">
         <subfield code="a">Roma :</subfield>
         <subfield code="b">"L'Erma" di Bretschneider,</subfield>
         <subfield code="c">[2013]</subfield>
      </datafield>
      <datafield tag="300" ind1=" " ind2=" ">
         <subfield code="a">315 pages :</subfield>
         <subfield code="b">illustrations, maps, plans ;</subfield>
         <subfield code="c">30 cm.</subfield>
      </datafield>
      <datafield tag="336" ind1=" " ind2=" ">
         <subfield code="a">text</subfield>
         <subfield code="b">txt</subfield>
         <subfield code="2">rdacontent</subfield>
      </datafield>
      <datafield tag="337" ind1=" " ind2=" ">
         <subfield code="a">unmediated</subfield>
         <subfield code="b">n</subfield>
         <subfield code="2">rdamedia</subfield>
      </datafield>
      <datafield tag="338" ind1=" " ind2=" ">
         <subfield code="a">volume</subfield>
         <subfield code="b">nc</subfield>
         <subfield code="2">rdacarrier</subfield>
      </datafield>
      <datafield tag="490" ind1="1" ind2=" ">
         <subfield code="a">Hispania antigua. Serie arqueológica ;</subfield>
         <subfield code="v">4</subfield>
      </datafield>
      <datafield tag="500" ind1=" " ind2=" ">
         <subfield code="a">Collected essays.</subfield>
      </datafield>
      <datafield tag="500" ind1=" " ind2=" ">
         <subfield code="a">Tamuda, archaeological site of an ancient city in Morocco.</subfield>
      </datafield>
      <datafield tag="504" ind1=" " ind2=" ">
         <subfield code="a">Includes bibliographical references.</subfield>
      </datafield>
      <datafield tag="505" ind1="0" ind2="0">
         <subfield code="t">Investigación en la ciudad de Tamuda : de Montalban al Proyecto Tamuda /</subfield>
         <subfield code="r">Campos, Juan M. --</subfield>
         <subfield code="r">Bermejo, Javier --</subfield>
         <subfield code="t">Tamuda y su marco geografico : la peninsula Tingitana y el valle del Martil /</subfield>
         <subfield code="r">Bermejo, Javier --</subfield>
         <subfield code="t">Tamuda y la Tingitana : de los reinos mauros a la provincia romana /</subfield>
         <subfield code="r">Bermejo, Javier --</subfield>
         <subfield code="r">Verdugo, Javier --</subfield>
         <subfield code="t">Recientes investigaciones en el castellum Tamudense (Campanas 2008-2011) /</subfield>
         <subfield code="r">Campos, Juan M. --</subfield>
         <subfield code="r">Bermejo, Javier --</subfield>
         <subfield code="r">Fernández, Lucía --</subfield>
         <subfield code="r">Delgado, Salvador --</subfield>
         <subfield code="r">Toscano, Clara --</subfield>
         <subfield code="r">Gómez, Águeda --</subfield>
         <subfield code="r">Vidal, Nuria --</subfield>
         <subfield code="r">Verdugo, Javier --</subfield>
         <subfield code="r">Ghottes, Moustapha --</subfield>
         <subfield code="r">Robles, Santiago --</subfield>
         <subfield code="t">Arqueoarquitectura como base : métodos y técnicas de analisis arqueológico en Tamuda /</subfield>
         <subfield code="r">Campos, Juan M. --</subfield>
         <subfield code="r">Bermejo, Javier --</subfield>
         <subfield code="t">Porta praetoria del castellum de Tamuda, un ejemplo de monumentalización en la arquitectura militar tingitana /</subfield>
         <subfield code="r">Campos, Juan M. --</subfield>
         <subfield code="r">Bermejo, Javier --</subfield>
         <subfield code="r">Fernández, Lucía --</subfield>
         <subfield code="r">Delgado, Salvador --</subfield>
         <subfield code="r">Toscano, Clara --</subfield>
         <subfield code="r">Gómez, Águeda --</subfield>
         <subfield code="t">Porta principalis sinistra del castellum de Tamuda : nuevas aportaciones para la construcción del campamento /</subfield>
         <subfield code="r">Fernández, Lucía --</subfield>
         <subfield code="r">Toscano, Clara --</subfield>
         <subfield code="r">Bermejo, Javier --</subfield>
         <subfield code="r">Delgado, Salvador --</subfield>
         <subfield code="r">Campos, Juan M. --</subfield>
         <subfield code="t">Porta principalis dextra del castellum de Tamuda, problematica y funcionalidad ¿Puerta en recodo? /</subfield>
         <subfield code="r">Campos, Juan M. --</subfield>
         <subfield code="r">Bermejo, Javier --</subfield>
         <subfield code="r">Gómez, Águeda --</subfield>
         <subfield code="r">Fernández, Lucía --</subfield>
         <subfield code="r">Ruiz, Juan --</subfield>
         <subfield code="r">Ghottes, Moustapha --</subfield>
         <subfield code="t">Porta decumana del castellum de Tamuda, la gran olvidada /</subfield>
         <subfield code="r">Delgado, Salvador --</subfield>
         <subfield code="r">Bermejo, Javier ----</subfield>
         <subfield code="r">Fernández, Lucía --</subfield>
         <subfield code="r">Toscano, Clara --</subfield>
         <subfield code="r">Campos, Juan M. --</subfield>
         <subfield code="t"/>
      </datafield>
      <datafield tag="505" ind1="8" ind2="0">
         <subfield code="t">Torres sureste y noroeste del castellum de Tamuda : analisis arqueoarquitectónico, tipologico y cronologico /</subfield>
         <subfield code="r">Campos, Juan M. --</subfield>
         <subfield code="r">Bermejo, Javier --</subfield>
         <subfield code="r">Delgado, Salvador --</subfield>
         <subfield code="r">Cortijo, Victoriano --</subfield>
         <subfield code="r">O’Kelly, Jessica --</subfield>
         <subfield code="r">Vidal, Nuria --</subfield>
         <subfield code="r">Ghottes, Moustapha --</subfield>
         <subfield code="t">Nuevos datos cronológicos y constructivos sobre la muralla del castellum de Tamuda : el contacto entre horizontes /</subfield>
         <subfield code="r">Campos, Juan M. --</subfield>
         <subfield code="r">Bermejo, Javier --</subfield>
         <subfield code="r">Delgado, Salvador --</subfield>
         <subfield code="r">Ghottes, Moustapha --</subfield>
         <subfield code="t">Evolución y cronologia del castellum tamudense : de Tamuda a Tamuco (s. I d.C. s. V d.C.) /</subfield>
         <subfield code="r">Bermejo, Javier --</subfield>
         <subfield code="r">Campos, Juan M. --</subfield>
         <subfield code="r">Fernández, Lucía --</subfield>
         <subfield code="r">Toscano, Clara --</subfield>
         <subfield code="r">Delgado, Salvador --</subfield>
         <subfield code="r">Verdugo, Javier --</subfield>
         <subfield code="t">Instalación militar de Tamuda en el contexto de la provincia mauritana y otros àlnbitos del imperio /</subfield>
         <subfield code="r">Vidal, Nuria --</subfield>
         <subfield code="r">Campos, Juan M. --</subfield>
         <subfield code="t">Hacia una propuesta de síntesis : Tamuda, significación y futuro /</subfield>
         <subfield code="r">Bermejo, Javier --</subfield>
         <subfield code="r">Campos, Juan M.</subfield>
      </datafield>
      <datafield tag="651" ind1=" " ind2="0">
         <subfield code="a">Tamuda (Morocco)</subfield>
         <subfield code="x">Antiquities, Roman.</subfield>
      </datafield>
      <datafield tag="650" ind1=" " ind2="0">
         <subfield code="a">Fortification, Roman</subfield>
         <subfield code="z">Morocco</subfield>
         <subfield code="z">Tamuda.</subfield>
      </datafield>
      <datafield tag="650" ind1=" " ind2="0">
         <subfield code="a">Excavations (Archaeology)</subfield>
         <subfield code="z">Morocco</subfield>
         <subfield code="z">Tamuda.</subfield>
      </datafield>
      <datafield tag="651" ind1=" " ind2="0">
         <subfield code="a">Morocco</subfield>
         <subfield code="x">Antiquities, Roman.</subfield>
      </datafield>
      <datafield tag="700" ind1="1" ind2=" ">
         <subfield code="a">Campos Carrasco, Juan M.</subfield>
         <subfield code="e">editor of compilation.</subfield>
      </datafield>
      <datafield tag="700" ind1="1" ind2=" ">
         <subfield code="a">Bermejo Melendez, Javier,</subfield>
         <subfield code="e">editor of compilation.</subfield>
      </datafield>
      <datafield tag="830" ind1=" " ind2="0">
         <subfield code="a">Hispania antigua.</subfield>
         <subfield code="p">Serie arqueológica ;</subfield>
         <subfield code="v">4.</subfield>
      </datafield>
      <datafield tag="994" ind1=" " ind2=" ">
         <subfield code="a">Z0</subfield>
         <subfield code="b">ZYU</subfield>
      </datafield>
      <datafield tag="OWN" ind1=" " ind2=" ">
         <subfield code="a">GENERAL</subfield>
      </datafield>
      <datafield tag="AVA" ind1=" " ind2=" ">
         <subfield code="a">NYU50</subfield>
         <subfield code="b">NISAW</subfield>
         <subfield code="c">Large Collection</subfield>
         <subfield code="d">DT329.T15 A77 2013</subfield>
         <subfield code="e">available</subfield>
         <subfield code="t">Available</subfield>
         <subfield code="f">1</subfield>
         <subfield code="g">0</subfield>
         <subfield code="h">N</subfield>
         <subfield code="i">0</subfield>
         <subfield code="j">LARGE</subfield>
         <subfield code="k">0</subfield>
      </datafield>
      <marc:datafield tag="852" ind1=" " ind2=" ">
         <marc:subfield code="b">Institute for the Study of the Ancient World, </marc:subfield>
         <marc:subfield code="c">Large Collection</marc:subfield>
         <marc:subfield code="e">15 East 84th St., </marc:subfield>
         <marc:subfield code="e">New York, NY  10028</marc:subfield>
      </marc:datafield>
   </record>