
  
  
  
  
 
  
  <record xsi:schemaLocation="http://www.loc.gov/MARC21/slim http://www.loc.gov/standards/marcxml/schema/MARC21slim.xsd">
      <leader>00000cam  2200445 a 4500</leader>
      <controlfield tag="FMT">BK</controlfield>
      <controlfield tag="LDR">00000cam  2200445 a 4500</controlfield>
      <controlfield tag="001">004099866</controlfield>
      <controlfield tag="003">OCoLC</controlfield>
      <controlfield tag="005">20150204141002.0</controlfield>
      <controlfield tag="008">150204s2009    au a     bc   000 0 ger d</controlfield>
      <datafield tag="020" ind1=" " ind2=" ">
         <subfield code="a">9783854602491 (hd.bd.)</subfield>
      </datafield>
      <datafield tag="020" ind1=" " ind2=" ">
         <subfield code="a">3854602499 (hd.bd.)</subfield>
      </datafield>
      <datafield tag="035" ind1=" " ind2=" ">
         <subfield code="a">(OCoLC)709663624</subfield>
      </datafield>
      <datafield tag="040" ind1=" " ind2=" ">
         <subfield code="a">OHX</subfield>
         <subfield code="c">OHX</subfield>
         <subfield code="d">TEF</subfield>
         <subfield code="d">CHVBK</subfield>
         <subfield code="d">OCLCO</subfield>
         <subfield code="d">NNU</subfield>
      </datafield>
      <datafield tag="043" ind1=" " ind2=" ">
         <subfield code="a">e-au---</subfield>
      </datafield>
      <datafield tag="050" ind1=" " ind2="4">
         <subfield code="a">DB879.C3</subfield>
         <subfield code="b">V56 2009</subfield>
      </datafield>
      <datafield tag="072" ind1=" " ind2="7">
         <subfield code="a">NK</subfield>
         <subfield code="2">lcco</subfield>
      </datafield>
      <datafield tag="072" ind1=" " ind2="7">
         <subfield code="a">NB</subfield>
         <subfield code="2">lcco</subfield>
      </datafield>
      <datafield tag="245" ind1="0" ind2="0">
         <subfield code="a">Von Kaisern und Bürgern :</subfield>
         <subfield code="b">antike Kostbarkeiten aus Carnuntum /</subfield>
         <subfield code="c">Franz Humer (Hrsg.).</subfield>
      </datafield>
      <datafield tag="260" ind1=" " ind2=" ">
         <subfield code="a">[St. Pölten] :</subfield>
         <subfield code="b">Amt der Niederösterreichischen Landesregierung,</subfield>
         <subfield code="c">c2009.</subfield>
      </datafield>
      <datafield tag="300" ind1=" " ind2=" ">
         <subfield code="a">422 p. :</subfield>
         <subfield code="b">many col. ill. ;</subfield>
         <subfield code="c">31 cm.</subfield>
      </datafield>
      <datafield tag="490" ind1="1" ind2=" ">
         <subfield code="a">[Katalog des Niederösterreichischen Landesmuseums] ;</subfield>
         <subfield code="v">n.F. 482</subfield>
      </datafield>
      <datafield tag="500" ind1=" " ind2=" ">
         <subfield code="a">Catalog of an exhibition held at the Archäologisches Museum Carnuntinum Bad Deutsch-Altenburg, April 4 2008 - September 30, 2010.</subfield>
      </datafield>
      <datafield tag="500" ind1=" " ind2=" ">
         <subfield code="a">Series title missing in the book.</subfield>
      </datafield>
      <datafield tag="504" ind1=" " ind2=" ">
         <subfield code="a">Includes bibliographical references (p. 414-421).</subfield>
      </datafield>
      <datafield tag="505" ind1="0" ind2="0">
         <subfield code="t">Jupiter Dolichenus und Mithras in Carnuntum --</subfield>
         <subfield code="t">Römische Kaiser und Carnuntum --</subfield>
         <subfield code="t">Bauen und Wohnen --</subfield>
         <subfield code="t">Der Römische Alltag --</subfield>
         <subfield code="t">Kaiser und Kult --</subfield>
         <subfield code="t">Luxus und Genuss.</subfield>
      </datafield>
      <datafield tag="651" ind1=" " ind2="0">
         <subfield code="a">Carnuntum (Extinct city)</subfield>
         <subfield code="v">Exhibitions.</subfield>
      </datafield>
      <datafield tag="650" ind1=" " ind2="0">
         <subfield code="a">Sculpture, Roman</subfield>
         <subfield code="z">Austria</subfield>
         <subfield code="z">Carnuntum (Extinct city)</subfield>
         <subfield code="v">Exhibitions.</subfield>
      </datafield>
      <datafield tag="650" ind1=" " ind2="0">
         <subfield code="a">Romans</subfield>
         <subfield code="z">Austria</subfield>
         <subfield code="z">Carnuntum (Extinct city)</subfield>
         <subfield code="v">Exhibitions.</subfield>
      </datafield>
      <datafield tag="651" ind1=" " ind2="0">
         <subfield code="a">Austria</subfield>
         <subfield code="x">Antiquities, Roman</subfield>
         <subfield code="v">Exhibitions.</subfield>
      </datafield>
      <datafield tag="650" ind1=" " ind2="7">
         <subfield code="a">Funde.</subfield>
         <subfield code="0">(DE-588)4071507-3</subfield>
         <subfield code="2">gnd</subfield>
      </datafield>
      <datafield tag="651" ind1=" " ind2="7">
         <subfield code="a">Carnuntum.</subfield>
         <subfield code="0">(DE-588)4009502-2</subfield>
         <subfield code="2">gnd</subfield>
      </datafield>
      <datafield tag="700" ind1="1" ind2=" ">
         <subfield code="a">Humer, F.</subfield>
         <subfield code="q">(Franz)</subfield>
      </datafield>
      <datafield tag="710" ind1="2" ind2=" ">
         <subfield code="a">Museum Carnuntinum.</subfield>
      </datafield>
      <datafield tag="830" ind1=" " ind2="0">
         <subfield code="a">Katalog des Niederösterreichischen Landesmuseums ;</subfield>
         <subfield code="v">n.F., Nr. 482.</subfield>
      </datafield>
      <datafield tag="994" ind1=" " ind2=" ">
         <subfield code="a">Z0</subfield>
         <subfield code="b">ZYU</subfield>
      </datafield>
      <datafield tag="OWN" ind1=" " ind2=" ">
         <subfield code="a">GENERAL</subfield>
      </datafield>
      <datafield tag="AVA" ind1=" " ind2=" ">
         <subfield code="a">NYU50</subfield>
         <subfield code="b">NISAW</subfield>
         <subfield code="c">Large Collection</subfield>
         <subfield code="d">DB879.C3 V56 2009</subfield>
         <subfield code="e">available</subfield>
         <subfield code="t">Available</subfield>
         <subfield code="f">1</subfield>
         <subfield code="g">0</subfield>
         <subfield code="h">N</subfield>
         <subfield code="i">0</subfield>
         <subfield code="j">LARGE</subfield>
         <subfield code="k">0</subfield>
      </datafield>
      <marc:datafield tag="852" ind1=" " ind2=" ">
         <marc:subfield code="b">Institute for the Study of the Ancient World, </marc:subfield>
         <marc:subfield code="c">Large Collection</marc:subfield>
         <marc:subfield code="e">15 East 84th St., </marc:subfield>
         <marc:subfield code="e">New York, NY  10028</marc:subfield>
      </marc:datafield>
   </record>