
  
  
  
  
  
  
 
  
  <record xsi:schemaLocation="http://www.loc.gov/MARC21/slim http://www.loc.gov/standards/marcxml/schema/MARC21slim.xsd">
      <leader>00000cam  2200601 a 4500</leader>
      <controlfield tag="FMT">BK</controlfield>
      <controlfield tag="LDR">00000cam  2200601 a 4500</controlfield>
      <controlfield tag="001">004099897</controlfield>
      <controlfield tag="003">OCoLC</controlfield>
      <controlfield tag="005">20150204144943.0</controlfield>
      <controlfield tag="008">150204s2007    au a     b    101 0 ger c</controlfield>
      <datafield tag="020" ind1=" " ind2=" ">
         <subfield code="a">9783700138235 (pbk.)</subfield>
      </datafield>
      <datafield tag="020" ind1=" " ind2=" ">
         <subfield code="a">3700138237 (pbk.)</subfield>
      </datafield>
      <datafield tag="035" ind1=" " ind2=" ">
         <subfield code="a">(OCoLC)145453762</subfield>
      </datafield>
      <datafield tag="040" ind1=" " ind2=" ">
         <subfield code="a">COO</subfield>
         <subfield code="b">eng</subfield>
         <subfield code="c">COO</subfield>
         <subfield code="d">OHX</subfield>
         <subfield code="d">BTCTA</subfield>
         <subfield code="d">BAKER</subfield>
         <subfield code="d">BWX</subfield>
         <subfield code="d">YDXCP</subfield>
         <subfield code="d">CDX</subfield>
         <subfield code="d">OCLCF</subfield>
         <subfield code="d">OCLCQ</subfield>
         <subfield code="d">OCLCO</subfield>
         <subfield code="d">NNU</subfield>
      </datafield>
      <datafield tag="041" ind1="0" ind2=" ">
         <subfield code="a">ger</subfield>
         <subfield code="a">eng</subfield>
         <subfield code="a">fre</subfield>
         <subfield code="a">ita</subfield>
      </datafield>
      <datafield tag="042" ind1=" " ind2=" ">
         <subfield code="a">pcc</subfield>
      </datafield>
      <datafield tag="043" ind1=" " ind2=" ">
         <subfield code="a">e-gr---</subfield>
      </datafield>
      <datafield tag="050" ind1=" " ind2="4">
         <subfield code="a">KL4106.5</subfield>
         <subfield code="b">.G47 2005</subfield>
      </datafield>
      <datafield tag="072" ind1=" " ind2="7">
         <subfield code="a">K</subfield>
         <subfield code="2">lcco</subfield>
      </datafield>
      <datafield tag="110" ind1="2" ind2=" ">
         <subfield code="a">Gesellschaft für Griechische und Hellenistische Rechtsgeschichte.</subfield>
         <subfield code="b">Symposion</subfield>
         <subfield code="n">(15th :</subfield>
         <subfield code="d">2005 :</subfield>
         <subfield code="c">Salerno, Italy)</subfield>
      </datafield>
      <datafield tag="245" ind1="1" ind2="0">
         <subfield code="a">Symposion 2005 :</subfield>
         <subfield code="b">Vorträge zur griechischen und hellenistischen Rechtsgeschichte (Salerno, 14.-18. September 2005) = Comunicazioni sul diritto greco ed ellenistico (Salerno, 14-18 settembre 2005) /</subfield>
         <subfield code="c">herausgegeben von Eva Cantarella.</subfield>
      </datafield>
      <datafield tag="246" ind1="3" ind2="1">
         <subfield code="a">Comunicazioni sul diritto greco ed ellenistico (Salerno, 14-18 settembre 2005)</subfield>
      </datafield>
      <datafield tag="260" ind1=" " ind2=" ">
         <subfield code="a">Wien :</subfield>
         <subfield code="b">Verlag der Österreichischen Akademie der Wissenschaften,</subfield>
         <subfield code="c">2007.</subfield>
      </datafield>
      <datafield tag="300" ind1=" " ind2=" ">
         <subfield code="a">xii, 473 pages :</subfield>
         <subfield code="b">illustrations ;</subfield>
         <subfield code="c">23 cm.</subfield>
      </datafield>
      <datafield tag="336" ind1=" " ind2=" ">
         <subfield code="a">text</subfield>
         <subfield code="b">txt</subfield>
         <subfield code="2">rdacontent</subfield>
      </datafield>
      <datafield tag="337" ind1=" " ind2=" ">
         <subfield code="a">unmediated</subfield>
         <subfield code="b">n</subfield>
         <subfield code="2">rdamedia</subfield>
      </datafield>
      <datafield tag="338" ind1=" " ind2=" ">
         <subfield code="a">volume</subfield>
         <subfield code="b">nc</subfield>
         <subfield code="2">rdacarrier</subfield>
      </datafield>
      <datafield tag="490" ind1="1" ind2=" ">
         <subfield code="a">Akten der Gesellschaft für griechische und hellenistische Rechtsgeschichte,</subfield>
         <subfield code="x">0340-3149 ;</subfield>
         <subfield code="v">Bd. 19</subfield>
      </datafield>
      <datafield tag="504" ind1=" " ind2=" ">
         <subfield code="a">Includes bibliographical references and index.</subfield>
      </datafield>
      <datafield tag="546" ind1=" " ind2=" ">
         <subfield code="a">11 Italian, 9 English, 6 German, 6 French contributions.</subfield>
      </datafield>
      <datafield tag="504" ind1=" " ind2=" ">
         <subfield code="a">Includes bibliographical references.</subfield>
      </datafield>
      <datafield tag="505" ind1="0" ind2="0">
         <subfield code="g">I.</subfield>
         <subfield code="t">Diritto greco arcaico e classico.</subfield>
         <subfield code="t">From oral law to written laws : Draco’s law and its Homeric roots /</subfield>
         <subfield code="r">Gagarin, Michael --</subfield>
         <subfield code="t">Response to Michael Gagarin /</subfield>
         <subfield code="r">Cantarella, Eva --</subfield>
         <subfield code="t">) A proposito di una legge siceliota sull’omicidio /</subfield>
         <subfield code="r">Pepe, Laura --</subfield>
         <subfield code="t">Risposta a Laura Pepe /</subfield>
         <subfield code="r">Costabile, Felice --</subfield>
         <subfield code="t">Bürgerrecht im griechischen Sizilien zwischen Recht und Politik /</subfield>
         <subfield code="r">Dreher, Martin --</subfield>
         <subfield code="t">Risposta a Martin Dreher /</subfield>
         <subfield code="r">Banfi, Antonio --</subfield>
         <subfield code="t">Inheritance, property, and management : Gortynian family law revisited /</subfield>
         <subfield code="r">Kristensen, Karen Rørby --</subfield>
         <subfield code="t">Risposta a Karen Rørby Kristensen /</subfield>
         <subfield code="r">Maffi, Alberto --</subfield>
         <subfield code="t">SEG XLVIII 96: Steuergesetz oder Frachtvertrag? /</subfield>
         <subfield code="r">Jakab, Éva --</subfield>
         <subfield code="t">Risposta a Éva Jakab /</subfield>
         <subfield code="r">Faraguna, Michele --</subfield>
         <subfield code="t">Prinzip der Fairness im attischen Prozess : Gedanken zu Echinos und Enklema /</subfield>
         <subfield code="r">Thür, Gerhard --</subfield>
         <subfield code="t">Risposta a Gerhard Thür /</subfield>
         <subfield code="r">Talamanca, Mario --</subfield>
         <subfield code="t">Who enforced the law in classical Athens? /</subfield>
         <subfield code="r">Harris, Edward --</subfield>
         <subfield code="t">Réponse à Edward Harris /</subfield>
         <subfield code="r">Adam, Sophia --</subfield>
         <subfield code="t">Law’s enemies in ancient Athens /</subfield>
         <subfield code="r">Wallace, Robert W. --</subfield>
         <subfield code="t">Risposta a Robert W. Wallace /</subfield>
         <subfield code="r">Maffi, Alberto --</subfield>
         <subfield code="t">Laws affecting prostitution at Athens /</subfield>
         <subfield code="r">Cohen, Edward E. --</subfield>
         <subfield code="t">Athenian approaches to legal predictability in contract cases /</subfield>
         <subfield code="r">Lanni, Adriaan --</subfield>
         <subfield code="t">À propos de la Rhétorique d’Aristote (I, 1373b1-1374b23), analyse du processus judiciaire /</subfield>
         <subfield code="r">Bertrand, Jean-Marie --</subfield>
         <subfield code="t">Response to Jean-Marie Bertrand /</subfield>
         <subfield code="r">Todd, Stephen C. --</subfield>
         <subfield code="t">Privation de sépulture dans l’antiquité grecque /</subfield>
         <subfield code="r">Helmis, Andréas --</subfield>
         <subfield code="t">) “ARAI” in Greek laws in the classical and hellenistic periods : deterrence or concession to tradition? /</subfield>
         <subfield code="r">Rubinstein, Lene --</subfield>
         <subfield code="t">Response to Lene Rubinstein /</subfield>
         <subfield code="r">Scafuro, Adele C.</subfield>
      </datafield>
      <datafield tag="505" ind1="8" ind2="0">
         <subfield code="g">II.</subfield>
         <subfield code="t">Diritto ellenistico, greco-romano e bizantino.</subfield>
         <subfield code="t">Testaments grecs dans le droit hellénistique : la question des héritières et des testatrices /</subfield>
         <subfield code="t">Legras, Bernard --</subfield>
         <subfield code="t">Réparation du préjudice dans les papyrus grecs d’Égypte /</subfield>
         <subfield code="r">Anagnostou-Canas, Barbara --</subfield>
         <subfield code="t">Antwort auf Barbara Anagnostou-Canas /</subfield>
         <subfield code="r">Jördens, Andrea --</subfield>
         <subfield code="t">Zum Gerichtswesen im kaiserzeitlichen Sparta /</subfield>
         <subfield code="r">Harter-Uibopuu, Kaja --</subfield>
         <subfield code="t">Risposta a Kaja Harter-Uibopuu /</subfield>
         <subfield code="r">Amelotti, Mario --</subfield>
         <subfield code="t">Grammatêphoroi e vie della giustizia nell’Egitto tardo antico /</subfield>
         <subfield code="r">Morelli, Federico --</subfield>
         <subfield code="t">Risposta a Federico Morelli /</subfield>
         <subfield code="r">Zingale, Livia Migliardi --</subfield>
         <subfield code="t">Compromesso o processo? Alternativa risoluzione dei conflittietutela dei diritti nella prassi della tarda antichità /</subfield>
         <subfield code="r">Urbanik, Jakub --</subfield>
         <subfield code="t">Antwort auf Jakub Urbanik /</subfield>
         <subfield code="r">Palme, Bernhard.</subfield>
         <subfield code="g">[III.]</subfield>
         <subfield code="t">Riflessioni finali.</subfield>
         <subfield code="t">De Rheda à Salerno – quinze Symposia /</subfield>
         <subfield code="r">Modrzejewski, Joseph Mélèze.</subfield>
      </datafield>
      <datafield tag="650" ind1=" " ind2="0">
         <subfield code="a">Law, Greek</subfield>
         <subfield code="v">Congresses.</subfield>
      </datafield>
      <datafield tag="650" ind1=" " ind2="0">
         <subfield code="a">Roman law</subfield>
         <subfield code="v">Congresses.</subfield>
      </datafield>
      <datafield tag="650" ind1=" " ind2="0">
         <subfield code="a">Law, Ancient</subfield>
         <subfield code="v">Congresses.</subfield>
      </datafield>
      <datafield tag="650" ind1=" " ind2="7">
         <subfield code="a">Law, Greek.</subfield>
         <subfield code="2">fast</subfield>
         <subfield code="0">(OCoLC)fst00994212</subfield>
      </datafield>
      <datafield tag="650" ind1=" " ind2="7">
         <subfield code="a">Law, Greek</subfield>
         <subfield code="x">Antiquities.</subfield>
         <subfield code="2">fast</subfield>
         <subfield code="0">(OCoLC)fst00994213</subfield>
      </datafield>
      <datafield tag="655" ind1=" " ind2="7">
         <subfield code="a">Conference proceedings.</subfield>
         <subfield code="2">fast</subfield>
         <subfield code="0">(OCoLC)fst01423772</subfield>
      </datafield>
      <datafield tag="700" ind1="1" ind2=" ">
         <subfield code="a">Cantarella, Eva</subfield>
         <subfield code="e">editor of compilation.</subfield>
      </datafield>
      <datafield tag="830" ind1=" " ind2="0">
         <subfield code="a">Akten der Gesellschaft für Griechische und Hellenistische Rechtsgeschichte ;</subfield>
         <subfield code="v">Bd. 19.</subfield>
         <subfield code="x">0340-3149</subfield>
      </datafield>
      <datafield tag="994" ind1=" " ind2=" ">
         <subfield code="a">Z0</subfield>
         <subfield code="b">ZYU</subfield>
      </datafield>
      <datafield tag="OWN" ind1=" " ind2=" ">
         <subfield code="a">GENERAL</subfield>
      </datafield>
      <datafield tag="AVA" ind1=" " ind2=" ">
         <subfield code="a">NYU50</subfield>
         <subfield code="b">NISAW</subfield>
         <subfield code="c">Small Collection</subfield>
         <subfield code="d">KL4106.5 .G47 2005</subfield>
         <subfield code="e">available</subfield>
         <subfield code="t">Available</subfield>
         <subfield code="f">1</subfield>
         <subfield code="g">0</subfield>
         <subfield code="h">N</subfield>
         <subfield code="i">0</subfield>
         <subfield code="j">SMALL</subfield>
         <subfield code="k">0</subfield>
      </datafield>
      <marc:datafield tag="852" ind1=" " ind2=" ">
         <marc:subfield code="b">Institute for the Study of the Ancient World, </marc:subfield>
         <marc:subfield code="c">Small Collection</marc:subfield>
         <marc:subfield code="e">15 East 84th St., </marc:subfield>
         <marc:subfield code="e">New York, NY  10028</marc:subfield>
      </marc:datafield>
   </record>