
  
  
  
  
  
  
  
 
  
  <record xsi:schemaLocation="http://www.loc.gov/MARC21/slim http://www.loc.gov/standards/marcxml/schema/MARC21slim.xsd">
      <leader>00000cam  2200661 i 4500</leader>
      <controlfield tag="FMT">BK</controlfield>
      <controlfield tag="LDR">00000cam  2200661 i 4500</controlfield>
      <controlfield tag="001">004100151</controlfield>
      <controlfield tag="003">OCoLC</controlfield>
      <controlfield tag="005">20150205103256.0</controlfield>
      <controlfield tag="008">150205s2014    be       b    001 0 eng</controlfield>
      <datafield tag="010" ind1=" " ind2=" ">
         <subfield code="a">2014017109</subfield>
      </datafield>
      <datafield tag="020" ind1=" " ind2=" ">
         <subfield code="a">9789004277380 (hardback : alk. paper)</subfield>
      </datafield>
      <datafield tag="020" ind1=" " ind2=" ">
         <subfield code="a">9004277382 (hardback : alk. paper)</subfield>
      </datafield>
      <datafield tag="020" ind1=" " ind2=" ">
         <subfield code="z">9789004278288 (e-book)</subfield>
      </datafield>
      <datafield tag="035" ind1=" " ind2=" ">
         <subfield code="a">(OCoLC)879567624</subfield>
         <subfield code="z">(OCoLC)880243216</subfield>
      </datafield>
      <datafield tag="040" ind1=" " ind2=" ">
         <subfield code="a">DLC</subfield>
         <subfield code="b">eng</subfield>
         <subfield code="e">rda</subfield>
         <subfield code="c">DLC</subfield>
         <subfield code="d">ERASA</subfield>
         <subfield code="d">YDXCP</subfield>
         <subfield code="d">BTCTA</subfield>
         <subfield code="d">OHX</subfield>
         <subfield code="d">CDX</subfield>
         <subfield code="d">CUS</subfield>
         <subfield code="d">CHVBK</subfield>
         <subfield code="d">OCLCF</subfield>
         <subfield code="d">NNU</subfield>
      </datafield>
      <datafield tag="042" ind1=" " ind2=" ">
         <subfield code="a">pcc</subfield>
      </datafield>
      <datafield tag="043" ind1=" " ind2=" ">
         <subfield code="a">e------</subfield>
         <subfield code="a">ff-----</subfield>
         <subfield code="a">aw-----</subfield>
      </datafield>
      <datafield tag="050" ind1="0" ind2="0">
         <subfield code="a">PA3014.P65</subfield>
         <subfield code="b">R65 2014</subfield>
      </datafield>
      <datafield tag="072" ind1=" " ind2="7">
         <subfield code="a">PA</subfield>
         <subfield code="2">lcco</subfield>
      </datafield>
      <datafield tag="082" ind1="0" ind2="0">
         <subfield code="a">880.09358</subfield>
         <subfield code="2">23</subfield>
      </datafield>
      <datafield tag="245" ind1="0" ind2="0">
         <subfield code="a">Roman rule in Greek and Latin writing :</subfield>
         <subfield code="b">double vision /</subfield>
         <subfield code="c">edited by Jesper Majbom Madsen and Roger Rees.</subfield>
      </datafield>
      <datafield tag="264" ind1=" " ind2="1">
         <subfield code="a">Leiden ;</subfield>
         <subfield code="a">Boston :</subfield>
         <subfield code="b">Brill,</subfield>
         <subfield code="c">[2014]</subfield>
      </datafield>
      <datafield tag="300" ind1=" " ind2=" ">
         <subfield code="a">vi, 303 pages ;</subfield>
         <subfield code="c">25 cm.</subfield>
      </datafield>
      <datafield tag="336" ind1=" " ind2=" ">
         <subfield code="a">text</subfield>
         <subfield code="b">txt</subfield>
         <subfield code="2">rdacontent</subfield>
      </datafield>
      <datafield tag="337" ind1=" " ind2=" ">
         <subfield code="a">unmediated</subfield>
         <subfield code="b">n</subfield>
         <subfield code="2">rdamedia</subfield>
      </datafield>
      <datafield tag="338" ind1=" " ind2=" ">
         <subfield code="a">volume</subfield>
         <subfield code="b">nc</subfield>
         <subfield code="2">rdacarrier</subfield>
      </datafield>
      <datafield tag="490" ind1="1" ind2=" ">
         <subfield code="a">Impact of Empire ;</subfield>
         <subfield code="v">18</subfield>
      </datafield>
      <datafield tag="500" ind1=" " ind2=" ">
         <subfield code="a">"This volume has its origins in a conference hosted in April 2009 at the University of Southern Denmark as a collaborative venture between the School of History, University of Southern Denmark and the School of Classics, University of St Andrews."</subfield>
      </datafield>
      <datafield tag="504" ind1=" " ind2=" ">
         <subfield code="a">Includes bibliographical references (pages 271-295) and index.</subfield>
      </datafield>
      <datafield tag="520" ind1="8" ind2=" ">
         <subfield code="a">This book explores the ways in which Greek and Latin writers from the late 1st to the 3rd century CE experienced and portrayed Roman cultural institutions and power. The central theme is the relationship between cultures as reflected in Greek and Latin authors' responses to Roman power; in practice the collection revisits the orthodoxy of two separate intellectual groups, differentiated as much by cultural and political agendas as by language. The book features specialists in Greek and Roman literary and intellectual culture; it gathers papers on a variety of authors, across several literary genres, and through this spectrum, makes possible an informed and detailed comparison of Greek and Latin literary views of Roman power (in various manifestations, including military, religion, law and politics).</subfield>
      </datafield>
      <datafield tag="505" ind1="0" ind2="0">
         <subfield code="g">Introduction :</subfield>
         <subfield code="t">a Roman Greek /</subfield>
         <subfield code="r">Madsen, Jesper Majbom --</subfield>
         <subfield code="r">Rees, Roger --</subfield>
         <subfield code="t">Patriotism and ambitions : intellectual response to Roman rule in the High Empire /</subfield>
         <subfield code="r">Madsen, Jesper Majbom --</subfield>
         <subfield code="t">Becoming wolf, staying sheep /</subfield>
         <subfield code="r">Bowie, Ewen --</subfield>
         <subfield code="t">Accommodation, opposition or other? : Luke-Acts' stance towards Rome /</subfield>
         <subfield code="r">Moles, John --</subfield>
         <subfield code="t">Adopting the emperor : Pliny's praise-giving as cultural appropriation /</subfield>
         <subfield code="r">Rees, Roger --</subfield>
         <subfield code="t">The representation of Greek diplomacy in Tacitus /</subfield>
         <subfield code="r">Gibson, Bruce --</subfield>
         <subfield code="t">Fractured vision : Josephus and Tacitus on triumph and civil war /</subfield>
         <subfield code="r">Ash, Rhiannon --</subfield>
         <subfield code="t">"Heus tu rhetorische" : Gellius, Cicero, Plutarch, and Roman study abroad /</subfield>
         <subfield code="r">Howley, Joseph A. --</subfield>
         <subfield code="t">Triple vision : Ulpian of Tyre on the duties of the proconsul /</subfield>
         <subfield code="r">Harries, Jill --</subfield>
         <subfield code="t">Greek history in a Roman context : Arrian's Anabasis of Alexander /</subfield>
         <subfield code="r">Carlsen, Jesper --</subfield>
         <subfield code="t">Herodian on Greek and Roman failings /</subfield>
         <subfield code="r">Bekker-Nielsen, Tønnes --</subfield>
         <subfield code="t">Images of elite community in Philostratus : re-reading the preface to the Lives of the Sophists /</subfield>
         <subfield code="r">König, Jason.</subfield>
      </datafield>
      <datafield tag="530" ind1=" " ind2=" ">
         <subfield code="a">Also published online.</subfield>
      </datafield>
      <datafield tag="650" ind1=" " ind2="0">
         <subfield code="a">Politics in literature.</subfield>
      </datafield>
      <datafield tag="650" ind1=" " ind2="0">
         <subfield code="a">Classical literature</subfield>
         <subfield code="x">History and criticism.</subfield>
      </datafield>
      <datafield tag="650" ind1=" " ind2="0">
         <subfield code="a">Classical literature</subfield>
         <subfield code="x">Political aspects.</subfield>
      </datafield>
      <datafield tag="650" ind1=" " ind2="7">
         <subfield code="a">Literatur.</subfield>
         <subfield code="0">(DE-588)4035964-5</subfield>
         <subfield code="2">gnd</subfield>
      </datafield>
      <datafield tag="650" ind1=" " ind2="7">
         <subfield code="a">Griechisch.</subfield>
         <subfield code="0">(DE-588)4113791-7</subfield>
         <subfield code="2">gnd</subfield>
      </datafield>
      <datafield tag="650" ind1=" " ind2="7">
         <subfield code="a">Latein.</subfield>
         <subfield code="0">(DE-588)4114364-4</subfield>
         <subfield code="2">gnd</subfield>
      </datafield>
      <datafield tag="650" ind1=" " ind2="7">
         <subfield code="a">Macht.</subfield>
         <subfield code="0">(DE-588)4168422-9</subfield>
         <subfield code="2">gnd</subfield>
      </datafield>
      <datafield tag="650" ind1=" " ind2="7">
         <subfield code="a">Römerbild.</subfield>
         <subfield code="0">(DE-588)4354066-1</subfield>
         <subfield code="2">gnd</subfield>
      </datafield>
      <datafield tag="651" ind1=" " ind2="7">
         <subfield code="a">Römisches Reich.</subfield>
         <subfield code="0">(DE-588)4076778-4</subfield>
         <subfield code="2">gnd</subfield>
      </datafield>
      <datafield tag="650" ind1=" " ind2="7">
         <subfield code="a">Politics in literature.</subfield>
         <subfield code="2">fast</subfield>
         <subfield code="0">(OCoLC)fst01896084</subfield>
      </datafield>
      <datafield tag="700" ind1="1" ind2=" ">
         <subfield code="a">Madsen, Jesper Majbom</subfield>
         <subfield code="e">editor of compilation.</subfield>
      </datafield>
      <datafield tag="700" ind1="1" ind2=" ">
         <subfield code="a">Rees, Roger</subfield>
         <subfield code="e">editor of compilation.</subfield>
      </datafield>
      <datafield tag="776" ind1="0" ind2="8">
         <subfield code="i">Online version:</subfield>
         <subfield code="t">Roman rule in Greek and Latin writing.</subfield>
         <subfield code="d">Leiden ; Boston : Brill, [2014]</subfield>
         <subfield code="z">9781306976923</subfield>
         <subfield code="w">(OCoLC)884548117</subfield>
      </datafield>
      <datafield tag="830" ind1=" " ind2="0">
         <subfield code="a">Impact of Empire ;</subfield>
         <subfield code="v">18.</subfield>
      </datafield>
      <datafield tag="994" ind1=" " ind2=" ">
         <subfield code="a">Z0</subfield>
         <subfield code="b">ZYU</subfield>
      </datafield>
      <datafield tag="OWN" ind1=" " ind2=" ">
         <subfield code="a">GENERAL</subfield>
      </datafield>
      <datafield tag="AVA" ind1=" " ind2=" ">
         <subfield code="a">NYU50</subfield>
         <subfield code="b">NISAW</subfield>
         <subfield code="c">Small Collection</subfield>
         <subfield code="d">PA3014.P65 R65 2014</subfield>
         <subfield code="e">available</subfield>
         <subfield code="t">Available</subfield>
         <subfield code="f">1</subfield>
         <subfield code="g">0</subfield>
         <subfield code="h">N</subfield>
         <subfield code="i">0</subfield>
         <subfield code="j">SMALL</subfield>
         <subfield code="k">0</subfield>
      </datafield>
      <marc:datafield tag="852" ind1=" " ind2=" ">
         <marc:subfield code="b">Institute for the Study of the Ancient World, </marc:subfield>
         <marc:subfield code="c">Small Collection</marc:subfield>
         <marc:subfield code="e">15 East 84th St., </marc:subfield>
         <marc:subfield code="e">New York, NY  10028</marc:subfield>
      </marc:datafield>
   </record>