
  
  
  
  
  
  
 
  
  <record xsi:schemaLocation="http://www.loc.gov/MARC21/slim http://www.loc.gov/standards/marcxml/schema/MARC21slim.xsd">
      <leader>00000cam  2200289 a 4500</leader>
      <controlfield tag="FMT">BK</controlfield>
      <controlfield tag="LDR">00000cam  2200289 a 4500</controlfield>
      <controlfield tag="001">004096642</controlfield>
      <controlfield tag="003">OCoLC</controlfield>
      <controlfield tag="005">20150209162131.0</controlfield>
      <controlfield tag="008">140925t20142014gw abe   b    001 0 ger d</controlfield>
      <datafield tag="020" ind1=" " ind2=" ">
         <subfield code="a">9783447102698</subfield>
      </datafield>
      <datafield tag="020" ind1=" " ind2=" ">
         <subfield code="a">3447102691</subfield>
      </datafield>
      <datafield tag="035" ind1="7" ind2=" ">
         <subfield code="a">har140339302</subfield>
      </datafield>
      <datafield tag="035" ind1=" " ind2=" ">
         <subfield code="a">(OCoLC)891609630</subfield>
         <subfield code="z">(OCoLC)891677245</subfield>
      </datafield>
      <datafield tag="040" ind1=" " ind2=" ">
         <subfield code="a">BTCTA</subfield>
         <subfield code="b">eng</subfield>
         <subfield code="c">BTCTA</subfield>
         <subfield code="d">YDXCP</subfield>
         <subfield code="d">OHX</subfield>
         <subfield code="d">NNU</subfield>
      </datafield>
      <datafield tag="041" ind1="0" ind2=" ">
         <subfield code="a">ger</subfield>
         <subfield code="a">eng</subfield>
      </datafield>
      <datafield tag="043" ind1=" " ind2=" ">
         <subfield code="a">e-gr---</subfield>
         <subfield code="a">f-ua---</subfield>
         <subfield code="a">aw-----</subfield>
      </datafield>
      <datafield tag="050" ind1=" " ind2="4">
         <subfield code="a">HN49.P6</subfield>
         <subfield code="b">M33 2014</subfield>
      </datafield>
      <datafield tag="072" ind1=" " ind2="7">
         <subfield code="a">D</subfield>
         <subfield code="2">lcco</subfield>
      </datafield>
      <datafield tag="245" ind1="0" ind2="0">
         <subfield code="a">Macht Und Ohnmacht :</subfield>
         <subfield code="b">religiöse, soziale Und ökonomische Spannungsfelder in frühen Gesellschaften /</subfield>
         <subfield code="c">herausgegeben von Diamantis Panagiotopoulos und Maren Schentuleit.</subfield>
      </datafield>
      <datafield tag="264" ind1=" " ind2="1">
         <subfield code="a">Wiesbaden:</subfield>
         <subfield code="b">Harrassowitz Verlag,</subfield>
         <subfield code="c">2014.</subfield>
      </datafield>
      <datafield tag="264" ind1=" " ind2="4">
         <subfield code="c">©2014</subfield>
      </datafield>
      <datafield tag="300" ind1=" " ind2=" ">
         <subfield code="a">162 pages :</subfield>
         <subfield code="b">6 black and white illustrations, 1 map, 6 plans ;</subfield>
         <subfield code="c">24 cm.</subfield>
      </datafield>
      <datafield tag="336" ind1=" " ind2=" ">
         <subfield code="a">text</subfield>
         <subfield code="b">txt</subfield>
         <subfield code="2">rdacontent</subfield>
      </datafield>
      <datafield tag="337" ind1=" " ind2=" ">
         <subfield code="a">unmediated</subfield>
         <subfield code="b">n</subfield>
         <subfield code="2">rdamedia</subfield>
      </datafield>
      <datafield tag="490" ind1="1" ind2=" ">
         <subfield code="a">Philippika ;</subfield>
         <subfield code="v">75</subfield>
      </datafield>
      <datafield tag="504" ind1=" " ind2=" ">
         <subfield code="a">Includes bibliographical references and index.</subfield>
      </datafield>
      <datafield tag="505" ind1="0" ind2="0">
         <subfield code="t">Macht und Ohnmacht : religiöse, soziale Und ökonomische Spannungsfelder in frühen Gesellschaften /</subfield>
         <subfield code="r">Panagiotopoulos, Diamantis --</subfield>
         <subfield code="r">Schentuleit, Maren --</subfield>
         <subfield code="t">Zu zwei 'Macht‘-Konzepten im Spiegel der Erforschung der spätbronzezeitlichen Palastwirtschaften von Knossos und Pylos /</subfield>
         <subfield code="r">Kessler, Torben --</subfield>
         <subfield code="t">Performance and the process of place-making : reflections on the mediating role of the late Bronze Age Minoan and Mycenaean palaces in the creation of asymmetrical power relations /</subfield>
         <subfield code="r">Beken, Noach vander --</subfield>
         <subfield code="t">(Ohn-)Macht der Philosophen : Karteria als Ausdruck philosophischer Autorität in der Spätantike /</subfield>
         <subfield code="r">Meiselbach, Christoph --</subfield>
         <subfield code="t">B3.w und der Himmelsaufstieg in den Pyramidentexten. Die Macht des Pharao und die Ohnmacht des Privatmannes /</subfield>
         <subfield code="r">Theis, Christoffer --</subfield>
         <subfield code="t">Isis und die Herrscher : eine ägyptische Göttin als (Über-)Trägerin von Macht und Herrschaft für Pharaonen, Ptolemäer und Kaiser /</subfield>
         <subfield code="r">Nagel, Svenja --</subfield>
         <subfield code="t">Ghassaniden und die Lachmiden : politische Macht arabischer Stämme vor dem Erscheinen des Islam /</subfield>
         <subfield code="r">Herichi, Nadia.</subfield>
      </datafield>
      <datafield tag="546" ind1=" " ind2=" ">
         <subfield code="a">6 contributions in German, 1 in English.</subfield>
      </datafield>
      <datafield tag="650" ind1=" " ind2="0">
         <subfield code="a">Power (Social sciences)</subfield>
         <subfield code="x">History</subfield>
         <subfield code="y">To 500.</subfield>
      </datafield>
      <datafield tag="650" ind1=" " ind2="0">
         <subfield code="a">Political customs and rites</subfield>
         <subfield code="z">Greece</subfield>
         <subfield code="z">Crete</subfield>
         <subfield code="x">History.</subfield>
      </datafield>
      <datafield tag="650" ind1=" " ind2="0">
         <subfield code="a">Political customs and rites</subfield>
         <subfield code="z">Egypt</subfield>
         <subfield code="x">History.</subfield>
      </datafield>
      <datafield tag="650" ind1=" " ind2="0">
         <subfield code="a">Political customs and rites</subfield>
         <subfield code="x">History</subfield>
         <subfield code="y">To 1500.</subfield>
      </datafield>
      <datafield tag="700" ind1="1" ind2=" ">
         <subfield code="a">Panagiotopoulos, Diamantis</subfield>
         <subfield code="e">editor of compilation.</subfield>
      </datafield>
      <datafield tag="700" ind1="1" ind2=" ">
         <subfield code="a">Schentuleit, Maren</subfield>
         <subfield code="e">editor of compilation.</subfield>
      </datafield>
      <datafield tag="830" ind1=" " ind2="0">
         <subfield code="a">Philippika ;</subfield>
         <subfield code="v">75.</subfield>
      </datafield>
      <datafield tag="OWN" ind1=" " ind2=" ">
         <subfield code="a">GENERAL</subfield>
      </datafield>
      <datafield tag="910" ind1=" " ind2=" ">
         <subfield code="a">supplied through approval plan</subfield>
         <subfield code="b">0088217</subfield>
         <subfield code="d">NY-BLO</subfield>
      </datafield>
      <datafield tag="980" ind1=" " ind2=" ">
         <subfield code="a">20150126</subfield>
         <subfield code="b">000005611</subfield>
         <subfield code="x">000006018</subfield>
         <subfield code="f">0363444</subfield>
         <subfield code="g">1</subfield>
      </datafield>
      <datafield tag="981" ind1=" " ind2=" ">
         <subfield code="d">har140339302</subfield>
      </datafield>
      <datafield tag="990" ind1=" " ind2=" ">
         <subfield code="b">48.00 EUR</subfield>
         <subfield code="e">51.48 EUR</subfield>
         <subfield code="i">56.11 USD</subfield>
         <subfield code="j">60.18 USD</subfield>
      </datafield>
      <datafield tag="AVA" ind1=" " ind2=" ">
         <subfield code="a">NYU50</subfield>
         <subfield code="b">BOBST</subfield>
         <subfield code="c">Main Collection</subfield>
         <subfield code="e">unavailable</subfield>
         <subfield code="t">Unavailable</subfield>
         <subfield code="f">1</subfield>
         <subfield code="g">1</subfield>
         <subfield code="h">N</subfield>
         <subfield code="i">0</subfield>
         <subfield code="j">MAIN</subfield>
         <subfield code="k">0</subfield>
      </datafield>
      <datafield tag="AVA" ind1=" " ind2=" ">
         <subfield code="a">NYU50</subfield>
         <subfield code="b">NISAW</subfield>
         <subfield code="c">Small Collection</subfield>
         <subfield code="d">HN49.P6 M33 2014</subfield>
         <subfield code="e">available</subfield>
         <subfield code="t">Available</subfield>
         <subfield code="f">1</subfield>
         <subfield code="g">0</subfield>
         <subfield code="h">N</subfield>
         <subfield code="i">0</subfield>
         <subfield code="j">SMALL</subfield>
         <subfield code="k">0</subfield>
      </datafield>
      <marc:datafield tag="852" ind1=" " ind2=" ">
         <marc:subfield code="b">Institute for the Study of the Ancient World, </marc:subfield>
         <marc:subfield code="c">Small Collection</marc:subfield>
         <marc:subfield code="e">15 East 84th St., </marc:subfield>
         <marc:subfield code="e">New York, NY  10028</marc:subfield>
      </marc:datafield>
   </record>