
  
  
  
  
  
  
 
  
  <record xsi:schemaLocation="http://www.loc.gov/MARC21/slim http://www.loc.gov/standards/marcxml/schema/MARC21slim.xsd">
      <leader>00000cam  2200877   4500</leader>
      <controlfield tag="FMT">BK</controlfield>
      <controlfield tag="LDR">00000cam  2200877   4500</controlfield>
      <controlfield tag="001">004100967</controlfield>
      <controlfield tag="003">OCoLC</controlfield>
      <controlfield tag="005">20150209095542.0</controlfield>
      <controlfield tag="008">150209s1913    enkbef        000 0 eng c</controlfield>
      <datafield tag="010" ind1=" " ind2=" ">
         <subfield code="a">a 14000861</subfield>
      </datafield>
      <datafield tag="016" ind1="7" ind2=" ">
         <subfield code="a">000215690</subfield>
         <subfield code="2">Uk</subfield>
      </datafield>
      <datafield tag="035" ind1=" " ind2=" ">
         <subfield code="a">(OCoLC)1499408</subfield>
         <subfield code="z">(OCoLC)2021873</subfield>
         <subfield code="z">(OCoLC)7388187</subfield>
         <subfield code="z">(OCoLC)26382554</subfield>
         <subfield code="z">(OCoLC)45146129</subfield>
         <subfield code="z">(OCoLC)58818025</subfield>
         <subfield code="z">(OCoLC)221329110</subfield>
      </datafield>
      <datafield tag="040" ind1=" " ind2=" ">
         <subfield code="a">Enoch Pratt Free Libr.</subfield>
         <subfield code="b">eng</subfield>
         <subfield code="c">JPL</subfield>
         <subfield code="d">SER</subfield>
         <subfield code="d">OCL</subfield>
         <subfield code="d">ELW</subfield>
         <subfield code="d">PLF</subfield>
         <subfield code="d">OCL</subfield>
         <subfield code="d">OCLCQ</subfield>
         <subfield code="d">LVB</subfield>
         <subfield code="d">OCLCG</subfield>
         <subfield code="d">AU@</subfield>
         <subfield code="d">STF</subfield>
         <subfield code="d">QE2</subfield>
         <subfield code="d">KRTAS</subfield>
         <subfield code="d">MMV</subfield>
         <subfield code="d">DIBAM</subfield>
         <subfield code="d">NLGGC</subfield>
         <subfield code="d">NZ1</subfield>
         <subfield code="d">DRB</subfield>
         <subfield code="d">UKV3G</subfield>
         <subfield code="d">P4I</subfield>
         <subfield code="d">OCLCO</subfield>
         <subfield code="d">OCLCF</subfield>
         <subfield code="d">OCLCQ</subfield>
         <subfield code="d">UKMGB</subfield>
         <subfield code="d">NNU</subfield>
      </datafield>
      <datafield tag="043" ind1=" " ind2=" ">
         <subfield code="a">f------</subfield>
         <subfield code="a">u-at---</subfield>
      </datafield>
      <datafield tag="050" ind1="0" ind2="4">
         <subfield code="a">AC1</subfield>
         <subfield code="b">.E8 no. 662</subfield>
      </datafield>
      <datafield tag="082" ind1=" " ind2=" ">
         <subfield code="a">911.6</subfield>
      </datafield>
      <datafield tag="082" ind1="0" ind2="4">
         <subfield code="a">910.3</subfield>
      </datafield>
      <datafield tag="084" ind1=" " ind2=" ">
         <subfield code="a">74.21</subfield>
         <subfield code="2">bcl</subfield>
      </datafield>
      <datafield tag="084" ind1=" " ind2=" ">
         <subfield code="a">74.23</subfield>
         <subfield code="2">bcl</subfield>
      </datafield>
      <datafield tag="084" ind1=" " ind2=" ">
         <subfield code="a">74.27</subfield>
         <subfield code="2">bcl</subfield>
      </datafield>
      <datafield tag="100" ind1="1" ind2=" ">
         <subfield code="a">Bartholomew, J. G.</subfield>
         <subfield code="q">(John George),</subfield>
         <subfield code="d">1860-1920.</subfield>
      </datafield>
      <datafield tag="245" ind1="1" ind2="2">
         <subfield code="a">A literary &amp; historical atlas of Africa and Australasia</subfield>
         <subfield code="c">[by] J.G. Bartholomew, LL. D.</subfield>
      </datafield>
      <datafield tag="246" ind1="3" ind2=" ">
         <subfield code="a">Literary and historical atlas of Africa and Australasia</subfield>
      </datafield>
      <datafield tag="260" ind1=" " ind2=" ">
         <subfield code="a">London :</subfield>
         <subfield code="b">J.M. Dent &amp; Sons ;</subfield>
         <subfield code="a">New York :</subfield>
         <subfield code="b">E.P. Dutton &amp; Co.</subfield>
         <subfield code="c">[1913]</subfield>
      </datafield>
      <datafield tag="300" ind1=" " ind2=" ">
         <subfield code="a">xi, 218 pages, including x plates on 5 leaves :</subfield>
         <subfield code="b">maps (part double), plans ;</subfield>
         <subfield code="c">17 cm.</subfield>
      </datafield>
      <datafield tag="336" ind1=" " ind2=" ">
         <subfield code="a">text</subfield>
         <subfield code="b">txt</subfield>
         <subfield code="2">rdacontent</subfield>
      </datafield>
      <datafield tag="337" ind1=" " ind2=" ">
         <subfield code="a">unmediated</subfield>
         <subfield code="b">n</subfield>
         <subfield code="2">rdamedia</subfield>
      </datafield>
      <datafield tag="338" ind1=" " ind2=" ">
         <subfield code="a">volume</subfield>
         <subfield code="b">nc</subfield>
         <subfield code="2">rdacarrier</subfield>
      </datafield>
      <datafield tag="490" ind1="1" ind2=" ">
         <subfield code="a">Everyman's Library</subfield>
      </datafield>
      <datafield tag="500" ind1=" " ind2=" ">
         <subfield code="a">ISAW copy is from the library of Hayim and Miriam Tadmor.</subfield>
         <subfield code="5">NNU</subfield>
      </datafield>
      <datafield tag="500" ind1=" " ind2=" ">
         <subfield code="a">"A brief survey of the coinage of Africa and Australasia from the earliest times to the present day; by G.C. Brooke": p. 67-92.</subfield>
      </datafield>
      <datafield tag="500" ind1=" " ind2=" ">
         <subfield code="a">"Maps and plans of notable battles, districts, etc., connected with famous authors and their books": p. 93-134.</subfield>
      </datafield>
      <datafield tag="500" ind1=" " ind2=" ">
         <subfield code="a">"A gazetteer of towns and places in Africa and Australasia": p. [135]-149.</subfield>
      </datafield>
      <datafield tag="504" ind1=" " ind2=" ">
         <subfield code="a">"A brief survey of the coinage of Africa and Australasia from the earliest times to the present day; by G.C. Brooke": pages 67-92.</subfield>
      </datafield>
      <datafield tag="504" ind1=" " ind2=" ">
         <subfield code="a">"Maps and plans of notable battles, districts, etc., connected with famous authors and their books": pages 93-134.</subfield>
      </datafield>
      <datafield tag="505" ind1="1" ind2=" ">
         <subfield code="a">Includes plans of battles and plates of coinage.</subfield>
      </datafield>
      <datafield tag="651" ind1=" " ind2="0">
         <subfield code="a">Africa</subfield>
         <subfield code="v">Maps.</subfield>
      </datafield>
      <datafield tag="651" ind1=" " ind2="0">
         <subfield code="a">Australia</subfield>
         <subfield code="v">Maps.</subfield>
      </datafield>
      <datafield tag="650" ind1=" " ind2="0">
         <subfield code="a">Coinage</subfield>
         <subfield code="z">Africa</subfield>
         <subfield code="x">History.</subfield>
      </datafield>
      <datafield tag="650" ind1=" " ind2="0">
         <subfield code="a">Coinage</subfield>
         <subfield code="z">Australia</subfield>
         <subfield code="x">History.</subfield>
      </datafield>
      <datafield tag="650" ind1=" " ind2="6">
         <subfield code="a">Monnaie</subfield>
         <subfield code="x">Frappe</subfield>
         <subfield code="z">Afrique</subfield>
         <subfield code="x">Histoire.</subfield>
      </datafield>
      <datafield tag="650" ind1=" " ind2="6">
         <subfield code="a">Monnaie</subfield>
         <subfield code="x">Frappe</subfield>
         <subfield code="z">Australasie</subfield>
         <subfield code="x">Histoire.</subfield>
      </datafield>
      <datafield tag="651" ind1=" " ind2="6">
         <subfield code="a">Afrique</subfield>
         <subfield code="x">Géographie historique</subfield>
         <subfield code="v">Atlas.</subfield>
      </datafield>
      <datafield tag="651" ind1=" " ind2="6">
         <subfield code="a">Australasie</subfield>
         <subfield code="x">Géographie historique</subfield>
         <subfield code="v">Atlas.</subfield>
      </datafield>
      <datafield tag="650" ind1=" " ind2="7">
         <subfield code="a">Coinage.</subfield>
         <subfield code="2">fast</subfield>
         <subfield code="0">(OCoLC)fst00866632</subfield>
      </datafield>
      <datafield tag="651" ind1=" " ind2="7">
         <subfield code="a">Africa.</subfield>
         <subfield code="2">fast</subfield>
         <subfield code="0">(OCoLC)fst01239509</subfield>
      </datafield>
      <datafield tag="651" ind1=" " ind2="7">
         <subfield code="a">Australia.</subfield>
         <subfield code="2">fast</subfield>
         <subfield code="0">(OCoLC)fst01204543</subfield>
      </datafield>
      <datafield tag="650" ind1=" " ind2="7">
         <subfield code="a">LITERATURA</subfield>
         <subfield code="x">HISTORIA Y CRITICA.</subfield>
         <subfield code="2">renib</subfield>
      </datafield>
      <datafield tag="655" ind1=" " ind2="7">
         <subfield code="a">History.</subfield>
         <subfield code="2">fast</subfield>
         <subfield code="0">(OCoLC)fst01411628</subfield>
      </datafield>
      <datafield tag="655" ind1=" " ind2="7">
         <subfield code="a">Maps.</subfield>
         <subfield code="2">fast</subfield>
         <subfield code="0">(OCoLC)fst01423704</subfield>
      </datafield>
      <datafield tag="700" ind1="1" ind2=" ">
         <subfield code="a">Brooke, G. C.</subfield>
         <subfield code="q">(George Cyril),</subfield>
         <subfield code="d">1884-</subfield>
      </datafield>
      <datafield tag="776" ind1="0" ind2="8">
         <subfield code="i">Online version:</subfield>
         <subfield code="a">Bartholomew, J.G. (John George), 1860-1920.</subfield>
         <subfield code="t">Literary &amp; historical atlas of Africa and Australasia.</subfield>
         <subfield code="d">London, J.M. Dent &amp; Sons; New York, E.P. Dutton &amp; Co. [1913]</subfield>
         <subfield code="w">(OCoLC)636074430</subfield>
      </datafield>
      <datafield tag="796" ind1="1" ind2=" ">
         <subfield code="a">Tadmor, Hayim,</subfield>
         <subfield code="e">former owner.</subfield>
      </datafield>
      <datafield tag="796" ind1="1" ind2=" ">
         <subfield code="a">Tadmor, Miriam,</subfield>
         <subfield code="e">former owner.</subfield>
      </datafield>
      <datafield tag="797" ind1="2" ind2=" ">
         <subfield code="a">Tadmor collection.</subfield>
      </datafield>
      <datafield tag="830" ind1=" " ind2="0">
         <subfield code="a">Everyman's library</subfield>
      </datafield>
      <datafield tag="994" ind1=" " ind2=" ">
         <subfield code="a">Z0</subfield>
         <subfield code="b">ZYU</subfield>
      </datafield>
      <datafield tag="OWN" ind1=" " ind2=" ">
         <subfield code="a">GENERAL</subfield>
      </datafield>
      <datafield tag="AVA" ind1=" " ind2=" ">
         <subfield code="a">NYU50</subfield>
         <subfield code="b">NISAW</subfield>
         <subfield code="c">Small Collection</subfield>
         <subfield code="d">DT12 .B37 1913</subfield>
         <subfield code="e">available</subfield>
         <subfield code="t">Available</subfield>
         <subfield code="f">1</subfield>
         <subfield code="g">0</subfield>
         <subfield code="h">N</subfield>
         <subfield code="i">0</subfield>
         <subfield code="j">SMALL</subfield>
         <subfield code="k">0</subfield>
      </datafield>
      <marc:datafield tag="852" ind1=" " ind2=" ">
         <marc:subfield code="b">Institute for the Study of the Ancient World, </marc:subfield>
         <marc:subfield code="c">Small Collection</marc:subfield>
         <marc:subfield code="e">15 East 84th St., </marc:subfield>
         <marc:subfield code="e">New York, NY  10028</marc:subfield>
      </marc:datafield>
   </record>