
  
  
  
  
  
  
  
 
  
  <record xsi:schemaLocation="http://www.loc.gov/MARC21/slim http://www.loc.gov/standards/marcxml/schema/MARC21slim.xsd">
      <leader>00000cas a2200517   45M</leader>
      <controlfield tag="FMT">SE</controlfield>
      <controlfield tag="LDR">00000cas a2200517   45M</controlfield>
      <controlfield tag="001">001542065</controlfield>
      <controlfield tag="003">NHi</controlfield>
      <controlfield tag="005">20150209111630.0</controlfield>
      <controlfield tag="008">751101c18809999fr qr p   b   0   b0fre d</controlfield>
      <datafield tag="010" ind1=" " ind2=" ">
         <subfield code="a">30014953 //r90</subfield>
      </datafield>
      <datafield tag="022" ind1=" " ind2=" ">
         <subfield code="a">0035-1423</subfield>
      </datafield>
      <datafield tag="035" ind1="9" ind2=" ">
         <subfield code="a">NYUb12029178</subfield>
      </datafield>
      <datafield tag="035" ind1=" " ind2=" ">
         <subfield code="a">(OCoLC)1764060</subfield>
      </datafield>
      <datafield tag="035" ind1=" " ind2=" ">
         <subfield code="a">(CStRLIN)DCLC3014953-S</subfield>
      </datafield>
      <datafield tag="037" ind1=" " ind2=" ">
         <subfield code="b">12, rue Jean-de-Beauvais, 75005 Paris</subfield>
      </datafield>
      <datafield tag="040" ind1=" " ind2=" ">
         <subfield code="a">MnMULS</subfield>
         <subfield code="c">MnMULS</subfield>
         <subfield code="d">NIC</subfield>
         <subfield code="d">MBTI</subfield>
         <subfield code="d">OCoLC</subfield>
         <subfield code="d">CtY</subfield>
         <subfield code="d">InU</subfield>
         <subfield code="d">DLC</subfield>
         <subfield code="d">AIP</subfield>
         <subfield code="d">DLC</subfield>
         <subfield code="d">NST</subfield>
         <subfield code="d">DLC</subfield>
         <subfield code="d">CStRLIN</subfield>
         <subfield code="d">NNU</subfield>
      </datafield>
      <datafield tag="042" ind1=" " ind2=" ">
         <subfield code="a">lc</subfield>
      </datafield>
      <datafield tag="050" ind1="0" ind2=" ">
         <subfield code="a">BL3</subfield>
         <subfield code="b">.R4</subfield>
      </datafield>
      <datafield tag="082" ind1=" " ind2=" ">
         <subfield code="a">200/.9</subfield>
      </datafield>
      <datafield tag="210" ind1="0" ind2=" ">
         <subfield code="a">Rev. hist. relig.</subfield>
      </datafield>
      <datafield tag="222" ind1=" " ind2="0">
         <subfield code="a">Revue de l'histoire des religions</subfield>
      </datafield>
      <datafield tag="245" ind1="0" ind2="0">
         <subfield code="a">Revue de l'histoire des religions.</subfield>
      </datafield>
      <datafield tag="260" ind1=" " ind2=" ">
         <subfield code="a">[Paris]</subfield>
         <subfield code="b">Presses Universitaires de France [etc.]</subfield>
      </datafield>
      <datafield tag="300" ind1=" " ind2=" ">
         <subfield code="a">v.</subfield>
         <subfield code="b">ill., plates, maps, fold. plans.</subfield>
         <subfield code="c">26 cm.</subfield>
      </datafield>
      <datafield tag="310" ind1=" " ind2=" ">
         <subfield code="a">Quarterly</subfield>
         <subfield code="b">&lt;, Apr. 1975-&gt;</subfield>
      </datafield>
      <datafield tag="321" ind1=" " ind2=" ">
         <subfield code="a">Bimonthly,</subfield>
         <subfield code="b">1880-&lt;1920&gt;</subfield>
      </datafield>
      <datafield tag="362" ind1="0" ind2=" ">
         <subfield code="a">1.- année (t. 1- ); jan./fév. 1880-</subfield>
      </datafield>
      <datafield tag="490" ind1="1" ind2=" ">
         <subfield code="a">Annales du Musée Guimet</subfield>
      </datafield>
      <datafield tag="500" ind1=" " ind2=" ">
         <subfield code="a">Editors: 1880-Nov. 1883, M. Vernes.--Jan. 1884-Mar. 1908, J. Réville (with L. Marillier, 1896-1901).--July 1908- R. Dussaud, P. Alphandéry.</subfield>
      </datafield>
      <datafield tag="504" ind1=" " ind2=" ">
         <subfield code="a">Includes "Notices bibliographiques."</subfield>
      </datafield>
      <datafield tag="510" ind1="2" ind2=" ">
         <subfield code="a">America, history and life</subfield>
         <subfield code="x">0002-7065</subfield>
         <subfield code="b">1955-</subfield>
      </datafield>
      <datafield tag="510" ind1="2" ind2=" ">
         <subfield code="a">Historical abstracts. Part A. Modern history abstracts</subfield>
         <subfield code="x">0363-2717</subfield>
         <subfield code="b">1955-</subfield>
      </datafield>
      <datafield tag="510" ind1="2" ind2=" ">
         <subfield code="a">Historical abstracts. Part B. Twentieth century abstracts</subfield>
         <subfield code="x">0363-2725</subfield>
         <subfield code="b">1955-</subfield>
      </datafield>
      <datafield tag="510" ind1="2" ind2=" ">
         <subfield code="a">New Testament abstracts</subfield>
         <subfield code="x">0028-6877</subfield>
      </datafield>
      <datafield tag="510" ind1="2" ind2=" ">
         <subfield code="a">Religion index one. Periodicals</subfield>
         <subfield code="x">0149-8428</subfield>
         <subfield code="b">1949-</subfield>
      </datafield>
      <datafield tag="500" ind1=" " ind2=" ">
         <subfield code="a">N-YHS has single issue dated 1881. Cover is damaged; specific month cannot be identified.</subfield>
         <subfield code="5">NHi</subfield>
      </datafield>
      <datafield tag="500" ind1=" " ind2=" ">
         <subfield code="a">ISAW copy is from the library of Hayim and Miriam Tadmor.</subfield>
         <subfield code="5">NNU</subfield>
      </datafield>
      <datafield tag="650" ind1=" " ind2="0">
         <subfield code="a">Religions</subfield>
         <subfield code="v">Periodicals.</subfield>
      </datafield>
      <datafield tag="700" ind1="1" ind2=" ">
         <subfield code="a">Vernes, Maurice,</subfield>
         <subfield code="d">1845-1923.</subfield>
      </datafield>
      <datafield tag="700" ind1="1" ind2=" ">
         <subfield code="a">Réville, Jean,</subfield>
         <subfield code="d">1855-1908.</subfield>
      </datafield>
      <datafield tag="700" ind1="1" ind2=" ">
         <subfield code="a">Marillier, Léon,</subfield>
         <subfield code="d">1842-1901.</subfield>
      </datafield>
      <datafield tag="700" ind1="1" ind2=" ">
         <subfield code="a">Dussaud, René,</subfield>
         <subfield code="d">1868-</subfield>
      </datafield>
      <datafield tag="700" ind1="1" ind2=" ">
         <subfield code="a">Alphandéry, P.</subfield>
         <subfield code="q">(Paul),</subfield>
         <subfield code="d">1875-1932.</subfield>
      </datafield>
      <datafield tag="760" ind1="0" ind2=" ">
         <subfield code="t">Annales du Musée Guimet</subfield>
      </datafield>
      <datafield tag="776" ind1="1" ind2=" ">
         <subfield code="c">Microfilm</subfield>
         <subfield code="d">Library of Congress Preservation Microfilming Program</subfield>
         <subfield code="w">(OCoLC)30943675</subfield>
         <subfield code="w">(DLC)sf 99044089</subfield>
      </datafield>
      <datafield tag="780" ind1="0" ind2="5">
         <subfield code="a">Société Ernest Renan.</subfield>
         <subfield code="t">Bulletin</subfield>
      </datafield>
      <datafield tag="796" ind1="1" ind2=" ">
         <subfield code="a">Tadmor, Hayim,</subfield>
         <subfield code="e">former owner.</subfield>
      </datafield>
      <datafield tag="796" ind1="1" ind2=" ">
         <subfield code="a">Tadmor, Miriam,</subfield>
         <subfield code="e">former owner.</subfield>
      </datafield>
      <datafield tag="797" ind1="2" ind2=" ">
         <subfield code="a">Tadmor collection.</subfield>
      </datafield>
      <datafield tag="830" ind1=" " ind2="0">
         <subfield code="a">Annales du Musée Guimet</subfield>
      </datafield>
      <datafield tag="866" ind1=" " ind2=" ">
         <subfield code="l">NYHistSoc</subfield>
         <subfield code="d">BL3.R4</subfield>
         <subfield code="e">9908</subfield>
         <subfield code="f">0</subfield>
         <subfield code="g">5</subfield>
         <subfield code="i">Unidentified issue</subfield>
         <subfield code="j">[2. année]</subfield>
         <subfield code="k">1881</subfield>
      </datafield>
      <datafield tag="OWN" ind1=" " ind2=" ">
         <subfield code="a">GENERAL</subfield>
      </datafield>
      <datafield tag="AVA" ind1=" " ind2=" ">
         <subfield code="a">NYU50</subfield>
         <subfield code="b">NISAW</subfield>
         <subfield code="c">Oak Collection</subfield>
         <subfield code="d">BL3 .R4</subfield>
         <subfield code="e">available</subfield>
         <subfield code="t">Available</subfield>
         <subfield code="f">1</subfield>
         <subfield code="g">0</subfield>
         <subfield code="h">N</subfield>
         <subfield code="i">0</subfield>
         <subfield code="j">OAK</subfield>
         <subfield code="k">0</subfield>
      </datafield>
      <marc:datafield tag="852" ind1=" " ind2=" ">
         <marc:subfield code="b">Institute for the Study of the Ancient World, </marc:subfield>
         <marc:subfield code="c">Oak Collection</marc:subfield>
         <marc:subfield code="e">15 East 84th St., </marc:subfield>
         <marc:subfield code="e">New York, NY  10028</marc:subfield>
      </marc:datafield>
      <datafield tag="AVA" ind1=" " ind2=" ">
         <subfield code="a">NYU50</subfield>
         <subfield code="b">NYHS</subfield>
         <subfield code="c">Main Collection</subfield>
         <subfield code="d">BL3 .R4 Non-circulating</subfield>
         <subfield code="e">available</subfield>
         <subfield code="t">Available</subfield>
         <subfield code="f">1</subfield>
         <subfield code="g">0</subfield>
         <subfield code="h">N</subfield>
         <subfield code="i">0</subfield>
         <subfield code="j">MAIN</subfield>
         <subfield code="k">0</subfield>
      </datafield>
   </record>