
  
  
  
  
  
 
  
  <record xsi:schemaLocation="http://www.loc.gov/MARC21/slim http://www.loc.gov/standards/marcxml/schema/MARC21slim.xsd">
      <leader>00000cam  2200589 i 4500</leader>
      <controlfield tag="FMT">BK</controlfield>
      <controlfield tag="LDR">00000cam  2200589 i 4500</controlfield>
      <controlfield tag="001">004102055</controlfield>
      <controlfield tag="003">OCoLC</controlfield>
      <controlfield tag="005">20150211152116.0</controlfield>
      <controlfield tag="008">150211t20132013ru abcf  b    001 0 rus c</controlfield>
      <datafield tag="016" ind1="7" ind2=" ">
         <subfield code="a">016729661</subfield>
         <subfield code="2">Uk</subfield>
      </datafield>
      <datafield tag="020" ind1=" " ind2=" ">
         <subfield code="a">9785446900572</subfield>
      </datafield>
      <datafield tag="020" ind1=" " ind2=" ">
         <subfield code="a">544690057X</subfield>
      </datafield>
      <datafield tag="035" ind1=" " ind2=" ">
         <subfield code="a">(OCoLC)872106529</subfield>
      </datafield>
      <datafield tag="040" ind1=" " ind2=" ">
         <subfield code="a">PIT</subfield>
         <subfield code="b">eng</subfield>
         <subfield code="e">rda</subfield>
         <subfield code="c">PIT</subfield>
         <subfield code="d">OCLCF</subfield>
         <subfield code="d">IUL</subfield>
         <subfield code="d">UKMGB</subfield>
         <subfield code="d">OCL</subfield>
         <subfield code="d">NNU</subfield>
      </datafield>
      <datafield tag="041" ind1="0" ind2=" ">
         <subfield code="a">rus</subfield>
         <subfield code="b">eng</subfield>
      </datafield>
      <datafield tag="042" ind1=" " ind2=" ">
         <subfield code="a">pcc</subfield>
      </datafield>
      <datafield tag="043" ind1=" " ind2=" ">
         <subfield code="a">ac-----</subfield>
      </datafield>
      <datafield tag="050" ind1=" " ind2="4">
         <subfield code="a">DS327.7</subfield>
         <subfield code="b">.R67 2013</subfield>
      </datafield>
      <datafield tag="066" ind1=" " ind2=" ">
         <subfield code="c">(N</subfield>
      </datafield>
      <datafield tag="245" ind1="0" ind2="0">
         <subfield code="6">880-01</subfield>
         <subfield code="a">Rossiĭskie ėkspedit͡sii v T͡Sentral'nui͡u Azii͡u :</subfield>
         <subfield code="b">organizat͡sii͡a, polevye issledovanii͡a, kollekt͡sii, 1870 - 1920-e gg : sbornik stateĭ /</subfield>
         <subfield code="c">pod redakt͡sieĭ A.I. Andreeva = Russian expeditions to inner Asia : their organization, observations and collections (1870-1920s) / collection of articles edited by Alexander Andreyev.</subfield>
      </datafield>
      <datafield tag="246" ind1="1" ind2="1">
         <subfield code="a">Russian expeditions to inner Asia :</subfield>
         <subfield code="b">their organization, observations and collections (1870-1920s) : collection of articles</subfield>
      </datafield>
      <datafield tag="264" ind1=" " ind2="1">
         <subfield code="6">880-02</subfield>
         <subfield code="a">Санкт-Петербург :</subfield>
         <subfield code="b">Нестор-История,</subfield>
         <subfield code="c">2013.</subfield>
      </datafield>
      <datafield tag="300" ind1=" " ind2=" ">
         <subfield code="a">331 pages, 16 unnumbered pages of plates :</subfield>
         <subfield code="b">illustrations, maps, portraits ;</subfield>
         <subfield code="c">23 cm</subfield>
      </datafield>
      <datafield tag="336" ind1=" " ind2=" ">
         <subfield code="a">text</subfield>
         <subfield code="b">txt</subfield>
         <subfield code="2">rdacontent</subfield>
      </datafield>
      <datafield tag="337" ind1=" " ind2=" ">
         <subfield code="a">unmediated</subfield>
         <subfield code="b">n</subfield>
         <subfield code="2">rdamedia</subfield>
      </datafield>
      <datafield tag="338" ind1=" " ind2=" ">
         <subfield code="a">volume</subfield>
         <subfield code="b">nc</subfield>
         <subfield code="2">rdacarrier</subfield>
      </datafield>
      <datafield tag="500" ind1=" " ind2=" ">
         <subfield code="6">880-03</subfield>
         <subfield code="a">At head of title: Rossiĭskai͡a akademii͡a nauk. Institut istorii estestvoznanii͡a i tekhniki im. S. I. Vavilova, Sankt-Peterburgskiĭ filial = Russian Academy of Sciences, Institute for the History of Science &amp; Technology named after S. I. Vavilov, Saint-Petersburg Branch.</subfield>
      </datafield>
      <datafield tag="504" ind1=" " ind2=" ">
         <subfield code="a">Includes bibliographical references and indexes.</subfield>
      </datafield>
      <datafield tag="546" ind1=" " ind2=" ">
         <subfield code="a">Text in Russian with summary and preface in English.</subfield>
      </datafield>
      <datafield tag="651" ind1=" " ind2="0">
         <subfield code="a">Asia, Central</subfield>
         <subfield code="x">Discovery and exploration.</subfield>
      </datafield>
      <datafield tag="650" ind1=" " ind2="0">
         <subfield code="a">Scientific expeditions</subfield>
         <subfield code="z">Asia, Central</subfield>
         <subfield code="x">History.</subfield>
      </datafield>
      <datafield tag="610" ind1="2" ind2="0">
         <subfield code="a">Imperatorskoe russkoe geograficheskoe obshchestvo.</subfield>
      </datafield>
      <datafield tag="610" ind1="2" ind2="0">
         <subfield code="a">Russkoe geograficheskoe obshchestvo.</subfield>
      </datafield>
      <datafield tag="610" ind1="2" ind2="7">
         <subfield code="a">Imperatorskoe russkoe geograficheskoe obshchestvo.</subfield>
         <subfield code="2">fast</subfield>
         <subfield code="0">(OCoLC)fst00588122</subfield>
      </datafield>
      <datafield tag="610" ind1="2" ind2="7">
         <subfield code="a">Russkoe geograficheskoe obshchestvo.</subfield>
         <subfield code="2">fast</subfield>
         <subfield code="0">(OCoLC)fst00589584</subfield>
      </datafield>
      <datafield tag="650" ind1=" " ind2="7">
         <subfield code="a">Discoveries in geography.</subfield>
         <subfield code="2">fast</subfield>
         <subfield code="0">(OCoLC)fst00894950</subfield>
      </datafield>
      <datafield tag="650" ind1=" " ind2="7">
         <subfield code="a">Scientific expeditions.</subfield>
         <subfield code="2">fast</subfield>
         <subfield code="0">(OCoLC)fst01108847</subfield>
      </datafield>
      <datafield tag="651" ind1=" " ind2="7">
         <subfield code="a">Asia, Central.</subfield>
         <subfield code="2">fast</subfield>
         <subfield code="0">(OCoLC)fst01240497</subfield>
      </datafield>
      <datafield tag="655" ind1=" " ind2="7">
         <subfield code="a">History.</subfield>
         <subfield code="2">fast</subfield>
         <subfield code="0">(OCoLC)fst01411628</subfield>
      </datafield>
      <datafield tag="700" ind1="1" ind2=" ">
         <subfield code="a">Andreev, A. I.</subfield>
         <subfield code="q">(Aleksandr Ivanovich)</subfield>
         <subfield code="6">880-04</subfield>
         <subfield code="e">editor of compilation.</subfield>
      </datafield>
      <datafield tag="710" ind1="2" ind2=" ">
         <subfield code="a">Institut istorii estestvoznanii͡a i tekhniki im. S.I. Vavilova.</subfield>
         <subfield code="b">Sankt-Peterburgskiĭ filial</subfield>
         <subfield code="6">880-05</subfield>
         <subfield code="e">issuing body.</subfield>
      </datafield>
      <datafield tag="880" ind1="0" ind2="0">
         <subfield code="6">245-01/</subfield>
         <subfield code="a">Российские экспедиции в Центральную Азию :</subfield>
         <subfield code="b">организация, полевые исследования, коллекции, 1870 - 1920-е гг : сборник статей /</subfield>
         <subfield code="c">под редакцией А.И. Андреева = Russian expeditions to inner Asia : their organization, observations and collections (1870-1920s) : collection of articles / edited by Alexander Andreyev.</subfield>
      </datafield>
      <datafield tag="880" ind1=" " ind2="1">
         <subfield code="6">264-02/</subfield>
         <subfield code="a">Sankt-Peterburg :</subfield>
         <subfield code="b">Nestor-Istorii͡a,</subfield>
         <subfield code="c">2013.</subfield>
      </datafield>
      <datafield tag="880" ind1=" " ind2=" ">
         <subfield code="6">500-03/</subfield>
         <subfield code="a">At head of title: Российская академия наук. Институт истории естествознания и техники им. С. И. Вавилова, Санкт-Петербургский филиал = Russian Academy of Sciences, Institute for the History of Science &amp; Technology named after S. I. Vavilov, Saint-Petersburg Branch.</subfield>
      </datafield>
      <datafield tag="880" ind1="1" ind2=" ">
         <subfield code="6">700-04/</subfield>
         <subfield code="a">Андреев, А. И.</subfield>
         <subfield code="q">(Александр Иванович),</subfield>
         <subfield code="e">editor of compilation.</subfield>
      </datafield>
      <datafield tag="880" ind1="2" ind2=" ">
         <subfield code="6">710-05/</subfield>
         <subfield code="a">Институт истории естествознания и техники им. С.И. Вавилова.</subfield>
         <subfield code="b">Санкт-Петербургский филиал,</subfield>
         <subfield code="e">issuing body.</subfield>
      </datafield>
      <datafield tag="994" ind1=" " ind2=" ">
         <subfield code="a">Z0</subfield>
         <subfield code="b">ZYU</subfield>
      </datafield>
      <datafield tag="OWN" ind1=" " ind2=" ">
         <subfield code="a">GENERAL</subfield>
      </datafield>
      <datafield tag="AVA" ind1=" " ind2=" ">
         <subfield code="a">NYU50</subfield>
         <subfield code="b">NISAW</subfield>
         <subfield code="c">Small Collection</subfield>
         <subfield code="d">DS327.7 .R67 2013</subfield>
         <subfield code="e">available</subfield>
         <subfield code="t">Available</subfield>
         <subfield code="f">1</subfield>
         <subfield code="g">0</subfield>
         <subfield code="h">N</subfield>
         <subfield code="i">0</subfield>
         <subfield code="j">SMALL</subfield>
         <subfield code="k">0</subfield>
      </datafield>
      <marc:datafield tag="852" ind1=" " ind2=" ">
         <marc:subfield code="b">Institute for the Study of the Ancient World, </marc:subfield>
         <marc:subfield code="c">Small Collection</marc:subfield>
         <marc:subfield code="e">15 East 84th St., </marc:subfield>
         <marc:subfield code="e">New York, NY  10028</marc:subfield>
      </marc:datafield>
   </record>