
  
  
  
  
 
  
  <record xsi:schemaLocation="http://www.loc.gov/MARC21/slim http://www.loc.gov/standards/marcxml/schema/MARC21slim.xsd">
      <leader>00000nam a22      a 4500</leader>
      <controlfield tag="FMT">BK</controlfield>
      <controlfield tag="LDR">00000nam a22      a 4500</controlfield>
      <controlfield tag="001">004101873</controlfield>
      <controlfield tag="005">20150211144248.0</controlfield>
      <controlfield tag="008">150211s1998    is ae    b    000 0 heb d</controlfield>
      <datafield tag="040" ind1=" " ind2=" ">
         <subfield code="a">NNU</subfield>
         <subfield code="b">eng</subfield>
         <subfield code="e">rda</subfield>
         <subfield code="c">NNU</subfield>
      </datafield>
      <datafield tag="043" ind1=" " ind2=" ">
         <subfield code="a">a-is---</subfield>
      </datafield>
      <datafield tag="050" ind1=" " ind2="4">
         <subfield code="a">DS110.S555</subfield>
         <subfield code="b">S34 1998</subfield>
      </datafield>
      <datafield tag="100" ind1="1" ind2=" ">
         <subfield code="a">Scheftelowitz, Na'ama‏</subfield>
         <subfield code="e">author.</subfield>
      </datafield>
      <datafield tag="245" ind1="1" ind2="0">
         <subfield code="6">880-01</subfield>
         <subfield code="a">Ḥafirot Givʻat ha-ʼOranim (Naḥal Bareḳet) be-misgeret merḥav ḥirvat al-Birah 1.5.97-22.8.97 /</subfield>
         <subfield code="c">Naʻamah Shefṭeloṿits ṿe- Ronit 'Oren.</subfield>
      </datafield>
      <datafield tag="264" ind1=" " ind2="3">
         <subfield code="6">880-02</subfield>
         <subfield code="a">Tel-ʼAviv :</subfield>
         <subfield code="b">'Universitat Tel-'Aviv,</subfield>
         <subfield code="c">1998</subfield>
      </datafield>
      <datafield tag="300" ind1=" " ind2=" ">
         <subfield code="a">24 leaves, 26 unnumbered leaves :</subfield>
         <subfield code="b">illustrations, plans ;</subfield>
         <subfield code="c">30 cm</subfield>
      </datafield>
      <datafield tag="336" ind1=" " ind2=" ">
         <subfield code="a">text</subfield>
         <subfield code="2">rdacontent</subfield>
      </datafield>
      <datafield tag="337" ind1=" " ind2=" ">
         <subfield code="a">unmediated</subfield>
         <subfield code="2">rdamedia</subfield>
      </datafield>
      <datafield tag="338" ind1=" " ind2=" ">
         <subfield code="a">volume</subfield>
         <subfield code="2">rdacarrier</subfield>
      </datafield>
      <datafield tag="500" ind1=" " ind2=" ">
         <subfield code="6">880-03</subfield>
         <subfield code="a">On title-page : Mishlaḥat ḥafirot Givʻat Ha-ʼoranim, ha-Makhon le-ʼarkhiʼologiyah shel 'Universiṭat Tel-ʼAviv be-misgeret proyeḳṭ ha-menuhal ʻal yedai Ḥevrat ramot-ʼarkhiʼologiyah, Rashut 'universiṭaʼit le-meḥḳar ṿe-pituaḥ</subfield>
      </datafield>
      <datafield tag="504" ind1=" " ind2=" ">
         <subfield code="a">Includes bibliographical references.</subfield>
      </datafield>
      <datafield tag="500" ind1=" " ind2=" ">
         <subfield code="a">ISAW copy is from the Library of Hayim and Miriam Tadmor.</subfield>
         <subfield code="5">NNU</subfield>
      </datafield>
      <datafield tag="650" ind1=" " ind2="0">
         <subfield code="a">Copper age</subfield>
         <subfield code="z">Israel</subfield>
         <subfield code="z">Shephelah.</subfield>
      </datafield>
      <datafield tag="650" ind1=" " ind2="0">
         <subfield code="a">Excavations (Archaeology)</subfield>
         <subfield code="z">Israel</subfield>
         <subfield code="z">Shephelah.</subfield>
      </datafield>
      <datafield tag="651" ind1=" " ind2="0">
         <subfield code="a">Shephelah (Israel)</subfield>
         <subfield code="x">Antiquities.</subfield>
      </datafield>
      <datafield tag="700" ind1="1" ind2=" ">
         <subfield code="a">Oren, Ronit</subfield>
         <subfield code="e">author.</subfield>
      </datafield>
      <datafield tag="796" ind1="1" ind2=" ">
         <subfield code="a">Tadmor, Hayim,</subfield>
         <subfield code="e">former owner.</subfield>
      </datafield>
      <datafield tag="796" ind1="1" ind2=" ">
         <subfield code="a">Tadmor, Miriam,</subfield>
         <subfield code="e">former owner.</subfield>
      </datafield>
      <datafield tag="797" ind1="2" ind2=" ">
         <subfield code="a">Tadmor Collection.</subfield>
      </datafield>
      <datafield tag="880" ind1="1" ind2="0">
         <subfield code="6">245-01/</subfield>
         <subfield code="a">חפירות גבעת האורנים (נחל ברקת) במסגרת מרחב חירבת אל-בירה 1.5.97-22.8.97 /</subfield>
         <subfield code="c">נעמה שפטלוביץ ורונית אורן</subfield>
      </datafield>
      <datafield tag="880" ind1=" " ind2="3">
         <subfield code="6">264-02/</subfield>
         <subfield code="a">תל-אביב :</subfield>
         <subfield code="b">אוניברסיטת תל אביב,</subfield>
         <subfield code="c">1998</subfield>
      </datafield>
      <datafield tag="880" ind1=" " ind2=" ">
         <subfield code="6">500-03/</subfield>
         <subfield code="a">בשער: משלחת חפירות גבעת האורנים, המכון לארכיאולוגיה של אוניברסיטת תל-אביב במסגרת פרויקט המנוהל על ידי חברת רמות-ארכיאולוגיה, רשות אוניברסיטאית למחקר ופיתוח</subfield>
      </datafield>
      <datafield tag="OWN" ind1=" " ind2=" ">
         <subfield code="a">GENERAL</subfield>
      </datafield>
      <datafield tag="AVA" ind1=" " ind2=" ">
         <subfield code="a">NYU50</subfield>
         <subfield code="b">NISAW</subfield>
         <subfield code="c">Large Collection</subfield>
         <subfield code="d">DS110.S555 S34 1998</subfield>
         <subfield code="e">available</subfield>
         <subfield code="t">Available</subfield>
         <subfield code="f">1</subfield>
         <subfield code="g">0</subfield>
         <subfield code="h">N</subfield>
         <subfield code="i">0</subfield>
         <subfield code="j">LARGE</subfield>
         <subfield code="k">0</subfield>
      </datafield>
      <marc:datafield tag="852" ind1=" " ind2=" ">
         <marc:subfield code="b">Institute for the Study of the Ancient World, </marc:subfield>
         <marc:subfield code="c">Large Collection</marc:subfield>
         <marc:subfield code="e">15 East 84th St., </marc:subfield>
         <marc:subfield code="e">New York, NY  10028</marc:subfield>
      </marc:datafield>
   </record>