
  
  
  
  
  
  
 
  
  <record xsi:schemaLocation="http://www.loc.gov/MARC21/slim http://www.loc.gov/standards/marcxml/schema/MARC21slim.xsd">
      <leader>     cas a2200325   45M</leader>
      <controlfield tag="FMT">SE</controlfield>
      <controlfield tag="LDR">     cas a2200325   45M</controlfield>
      <controlfield tag="001">002310268</controlfield>
      <controlfield tag="003">NNU</controlfield>
      <controlfield tag="005">20040408174316.0</controlfield>
      <controlfield tag="008">960312c19769999gw  xzp       0   a0ger d</controlfield>
      <datafield tag="010" ind1=" " ind2=" ">
         <subfield code="a">sc 83001056</subfield>
      </datafield>
      <datafield tag="022" ind1=" " ind2=" ">
         <subfield code="a">0178-2967</subfield>
      </datafield>
      <datafield tag="035" ind1="9" ind2=" ">
         <subfield code="a">NYUb11420558</subfield>
      </datafield>
      <datafield tag="035" ind1=" " ind2=" ">
         <subfield code="a">(OCoLC)5861191</subfield>
      </datafield>
      <datafield tag="035" ind1=" " ind2=" ">
         <subfield code="a">DCLCSC831056-S</subfield>
      </datafield>
      <datafield tag="040" ind1=" " ind2=" ">
         <subfield code="a">OCH</subfield>
         <subfield code="c">OCH</subfield>
         <subfield code="d">m.c.</subfield>
         <subfield code="d">MBTI</subfield>
         <subfield code="d">DLC</subfield>
         <subfield code="d">AIP</subfield>
         <subfield code="d">NST</subfield>
         <subfield code="d">NNU</subfield>
      </datafield>
      <datafield tag="042" ind1=" " ind2=" ">
         <subfield code="a">lc</subfield>
      </datafield>
      <datafield tag="050" ind1="1" ind2="4">
         <subfield code="a">BS514.2</subfield>
         <subfield code="b">.B5</subfield>
      </datafield>
      <datafield tag="210" ind1="0" ind2=" ">
         <subfield code="a">Bibl. Not.</subfield>
      </datafield>
      <datafield tag="222" ind1=" " ind2="0">
         <subfield code="a">Biblische Notizen</subfield>
      </datafield>
      <datafield tag="245" ind1="0" ind2="0">
         <subfield code="a">Biblische Notizen.</subfield>
      </datafield>
      <datafield tag="260" ind1=" " ind2=" ">
         <subfield code="a">Bamberg [etc.]</subfield>
         <subfield code="b">[K. Urlaub] [etc.]</subfield>
      </datafield>
      <datafield tag="300" ind1=" " ind2=" ">
         <subfield code="a">v.</subfield>
         <subfield code="b">ill.</subfield>
         <subfield code="c">21 cm.</subfield>
      </datafield>
      <datafield tag="310" ind1=" " ind2=" ">
         <subfield code="a">Irregular</subfield>
      </datafield>
      <datafield tag="362" ind1="0" ind2=" ">
         <subfield code="a">Heft 1- 1976-</subfield>
      </datafield>
      <datafield tag="500" ind1=" " ind2=" ">
         <subfield code="a">"Beiträge zur exegetischen Diskussion."</subfield>
      </datafield>
      <datafield tag="500" ind1=" " ind2=" ">
         <subfield code="a">Editors: &lt;1976&gt;-2003 Dr. Manfred Görg; 2004- F.V. Reiterer.</subfield>
      </datafield>
      <datafield tag="515" ind1=" " ind2=" ">
         <subfield code="a">Heft 1-119/120 published 1976-2003; per p. 4 of Heft 119/120, [neue Folge] will be published beginning in 2004.</subfield>
      </datafield>
      <datafield tag="500" ind1=" " ind2=" ">
         <subfield code="a">Latest issue consulted: Heft 119/120, published in 2003.</subfield>
      </datafield>
      <datafield tag="700" ind1="1" ind2=" ">
         <subfield code="a">Görg, Manfred.</subfield>
      </datafield>
      <datafield tag="700" ind1="1" ind2=" ">
         <subfield code="a">Reiterer, Friedrich Vinzenz.</subfield>
      </datafield>
      <datafield tag="866" ind1="4" ind2="1">
         <subfield code="l">Bobst</subfield>
         <subfield code="d">BS514.2 .B58</subfield>
         <subfield code="e">0404</subfield>
         <subfield code="f">0</subfield>
         <subfield code="g">4</subfield>
         <subfield code="h"/>
         <subfield code="j">81-119/120</subfield>
         <subfield code="k">1996-2003</subfield>
      </datafield>
      <datafield tag="OWN" ind1=" " ind2=" ">
         <subfield code="a">GENERAL</subfield>
      </datafield>
      <datafield tag="AVA" ind1=" " ind2=" ">
         <subfield code="a">NYU50</subfield>
         <subfield code="b">BOBST</subfield>
         <subfield code="c">Main Collection</subfield>
         <subfield code="d">BS514.2 .B58</subfield>
         <subfield code="e">check_holdings</subfield>
         <subfield code="t">Check Holdings</subfield>
         <subfield code="h">Y</subfield>
         <subfield code="j">MAIN</subfield>
         <subfield code="k">0</subfield>
      </datafield>
      <datafield tag="AVA" ind1=" " ind2=" ">
         <subfield code="a">NYU50</subfield>
         <subfield code="b">NISAW</subfield>
         <subfield code="c">Oak Collection</subfield>
         <subfield code="d">BS514.2 .B58</subfield>
         <subfield code="e">available</subfield>
         <subfield code="t">Available</subfield>
         <subfield code="f">1</subfield>
         <subfield code="g">0</subfield>
         <subfield code="h">Y</subfield>
         <subfield code="i">0</subfield>
         <subfield code="j">OAK</subfield>
         <subfield code="k">0</subfield>
      </datafield>
      <marc:datafield tag="852" ind1=" " ind2=" ">
         <marc:subfield code="b">Institute for the Study of the Ancient World, </marc:subfield>
         <marc:subfield code="c">Oak Collection</marc:subfield>
         <marc:subfield code="e">15 East 84th St., </marc:subfield>
         <marc:subfield code="e">New York, NY  10028</marc:subfield>
      </marc:datafield>
   </record>