
  
  
  
  
  
  
 
  
  <record xsi:schemaLocation="http://www.loc.gov/MARC21/slim http://www.loc.gov/standards/marcxml/schema/MARC21slim.xsd">
      <leader>00000cam  2200661 a 4500</leader>
      <controlfield tag="FMT">BK</controlfield>
      <controlfield tag="LDR">00000cam  2200661 a 4500</controlfield>
      <controlfield tag="001">004104067</controlfield>
      <controlfield tag="003">OCoLC</controlfield>
      <controlfield tag="005">20150218121615.0</controlfield>
      <controlfield tag="008">150218s2006    wauab    b    101 0beng d</controlfield>
      <datafield tag="016" ind1="7" ind2=" ">
         <subfield code="a">014764779</subfield>
         <subfield code="2">Uk</subfield>
      </datafield>
      <datafield tag="020" ind1=" " ind2=" ">
         <subfield code="a">0914584278</subfield>
      </datafield>
      <datafield tag="020" ind1=" " ind2=" ">
         <subfield code="a">9780914584278</subfield>
      </datafield>
      <datafield tag="035" ind1=" " ind2=" ">
         <subfield code="a">(OCoLC)85818896</subfield>
      </datafield>
      <datafield tag="040" ind1=" " ind2=" ">
         <subfield code="a">HLS</subfield>
         <subfield code="c">HLS</subfield>
         <subfield code="d">BAKER</subfield>
         <subfield code="d">ORU</subfield>
         <subfield code="d">YDXCP</subfield>
         <subfield code="d">BTCTA</subfield>
         <subfield code="d">CUD</subfield>
         <subfield code="d">XFF</subfield>
         <subfield code="d">UKMGB</subfield>
         <subfield code="d">OCLCF</subfield>
         <subfield code="d">OCLCO</subfield>
         <subfield code="d">IAO</subfield>
         <subfield code="d">OCLCO</subfield>
         <subfield code="d">NNU</subfield>
      </datafield>
      <datafield tag="043" ind1=" " ind2=" ">
         <subfield code="a">ac-----</subfield>
         <subfield code="a">a-mp---</subfield>
      </datafield>
      <datafield tag="050" ind1="1" ind2="4">
         <subfield code="a">DS329.4</subfield>
         <subfield code="b">.I47 2006</subfield>
      </datafield>
      <datafield tag="050" ind1="1" ind2="4">
         <subfield code="a">DS798.62</subfield>
         <subfield code="b">.I46 2006</subfield>
      </datafield>
      <datafield tag="082" ind1="0" ind2="4">
         <subfield code="a">951.73 22</subfield>
         <subfield code="2">22</subfield>
      </datafield>
      <datafield tag="245" ind1="0" ind2="0">
         <subfield code="a">Imperial statecraft :</subfield>
         <subfield code="b">political forms and techniques of governance in Inner Asia, sixth-twentieth centuries /</subfield>
         <subfield code="c">edited by David Sneath.</subfield>
      </datafield>
      <datafield tag="246" ind1="3" ind2="0">
         <subfield code="a">Political forms and techniques of governance in Inner Asia, 6th-20th centuries</subfield>
      </datafield>
      <datafield tag="260" ind1=" " ind2=" ">
         <subfield code="a">Bellingham, WA :</subfield>
         <subfield code="b">Center for East Asian Studies, Western Washington University for Mongolia and Inner Asia Studies Unit, University of Cambridge,</subfield>
         <subfield code="c">c2006.</subfield>
      </datafield>
      <datafield tag="300" ind1=" " ind2=" ">
         <subfield code="a">xiii, 379 p. :</subfield>
         <subfield code="b">ill., maps ;</subfield>
         <subfield code="c">23 cm.</subfield>
      </datafield>
      <datafield tag="490" ind1="1" ind2=" ">
         <subfield code="a">Studies on East Asia ;</subfield>
         <subfield code="v">v. 26</subfield>
      </datafield>
      <datafield tag="500" ind1=" " ind2=" ">
         <subfield code="a">Contributions from a conference organized by the Mongolia and Inner Asia Studies Unit, University of Cambridge, held in 2004 in Cambridge, England.</subfield>
      </datafield>
      <datafield tag="504" ind1=" " ind2=" ">
         <subfield code="a">Includes bibliographical references (p. 317-357) and index.</subfield>
      </datafield>
      <datafield tag="505" ind1="0" ind2="0">
         <subfield code="g">Introduction.</subfield>
         <subfield code="t">Imperial statecraft : arts of power on the steppe /</subfield>
         <subfield code="r">Sneath, David --</subfield>
         <subfield code="t">Türk imperial tradition in the pre-Chinggisid era /</subfield>
         <subfield code="r">Golden, Peter B. --</subfield>
         <subfield code="t">Between China and Islam : the administration of the Qara Khitai (Western Liao), 1124-1218 /</subfield>
         <subfield code="r">Biran, Michal --</subfield>
         <subfield code="t">Relations of dominion and submission : political practice in the Mongol Empire of Chinggis Khan /</subfield>
         <subfield code="r">Skrynnikova, Tatyana D. --</subfield>
         <subfield code="t">Technologies of governance in the Mongolian Empire : a geographic overview /</subfield>
         <subfield code="r">Allsen, Thomas T. --</subfield>
         <subfield code="t">Ulus emirs, Keshig elders, signatures and marriage partners : the evolution of a classic Mongol institution /</subfield>
         <subfield code="r">Atwood, Christopher P. --</subfield>
         <subfield code="t">Khan's city : Kökeqota and the role of a capital city in Mongolian state formation /</subfield>
         <subfield code="r">Charleux, Isabelle --</subfield>
         <subfield code="t">Titles, appanages, marriages, and officials: a comparison of political forms in the Zünghar and thirteenth-century Mongol empires /</subfield>
         <subfield code="r">Atwood, Christopher P.--</subfield>
         <subfield code="t">Competing strategies of a great khan legitimacy in the context of the Chaqar-Manchu wars (c. 1620-1634) /</subfield>
         <subfield code="r">Di Cosmo, Nicola --</subfield>
         <subfield code="t">Term Törü in Mongolian history /</subfield>
         <subfield code="r">Humphrey, Caroline --</subfield>
         <subfield code="r">Hürelbaatar, A. --</subfield>
         <subfield code="t">Ordering subjects : Mongolian civil and military administration (seventeenth to twentieth centuries) /</subfield>
         <subfield code="r">Boldbaatar, Jigjidiin --</subfield>
         <subfield code="r">Sneath, David.</subfield>
      </datafield>
      <datafield tag="651" ind1=" " ind2="0">
         <subfield code="a">Asia, Central</subfield>
         <subfield code="x">Politics and government</subfield>
         <subfield code="v">Congresses.</subfield>
      </datafield>
      <datafield tag="650" ind1=" " ind2="0">
         <subfield code="a">State, The</subfield>
         <subfield code="x">History</subfield>
         <subfield code="v">Congresses.</subfield>
      </datafield>
      <datafield tag="650" ind1=" " ind2="0">
         <subfield code="a">Mongols</subfield>
         <subfield code="x">Politics and government</subfield>
         <subfield code="v">Congresses.</subfield>
      </datafield>
      <datafield tag="650" ind1=" " ind2="0">
         <subfield code="a">Turkic peoples</subfield>
         <subfield code="z">Asia, Central</subfield>
         <subfield code="x">Politics and government</subfield>
         <subfield code="v">Congresses.</subfield>
      </datafield>
      <datafield tag="651" ind1=" " ind2="0">
         <subfield code="a">Mongolia</subfield>
         <subfield code="x">Politics and government</subfield>
         <subfield code="v">Congresses.</subfield>
      </datafield>
      <datafield tag="651" ind1=" " ind2="0">
         <subfield code="a">Mongolia</subfield>
         <subfield code="x">History</subfield>
         <subfield code="v">Congresses.</subfield>
      </datafield>
      <datafield tag="651" ind1=" " ind2="0">
         <subfield code="a">Mongolia</subfield>
         <subfield code="x">Civilization</subfield>
         <subfield code="v">Congresses.</subfield>
      </datafield>
      <datafield tag="650" ind1=" " ind2="7">
         <subfield code="a">Civilization.</subfield>
         <subfield code="2">fast</subfield>
         <subfield code="0">(OCoLC)fst00862898</subfield>
      </datafield>
      <datafield tag="650" ind1=" " ind2="7">
         <subfield code="a">Mongols</subfield>
         <subfield code="x">Politics and government.</subfield>
         <subfield code="2">fast</subfield>
         <subfield code="0">(OCoLC)fst01025429</subfield>
      </datafield>
      <datafield tag="650" ind1=" " ind2="7">
         <subfield code="a">Political science.</subfield>
         <subfield code="2">fast</subfield>
         <subfield code="0">(OCoLC)fst01069781</subfield>
      </datafield>
      <datafield tag="650" ind1=" " ind2="7">
         <subfield code="a">State, The.</subfield>
         <subfield code="2">fast</subfield>
         <subfield code="0">(OCoLC)fst01131943</subfield>
      </datafield>
      <datafield tag="650" ind1=" " ind2="7">
         <subfield code="a">Turkic peoples</subfield>
         <subfield code="x">Politics and government.</subfield>
         <subfield code="2">fast</subfield>
         <subfield code="0">(OCoLC)fst01159385</subfield>
      </datafield>
      <datafield tag="651" ind1=" " ind2="7">
         <subfield code="a">Asia, Central.</subfield>
         <subfield code="2">fast</subfield>
         <subfield code="0">(OCoLC)fst01240497</subfield>
      </datafield>
      <datafield tag="651" ind1=" " ind2="7">
         <subfield code="a">Mongolia.</subfield>
         <subfield code="2">fast</subfield>
         <subfield code="0">(OCoLC)fst01208752</subfield>
      </datafield>
      <datafield tag="655" ind1=" " ind2="7">
         <subfield code="a">Conference proceedings.</subfield>
         <subfield code="2">fast</subfield>
         <subfield code="0">(OCoLC)fst01423772</subfield>
      </datafield>
      <datafield tag="655" ind1=" " ind2="7">
         <subfield code="a">History.</subfield>
         <subfield code="2">fast</subfield>
         <subfield code="0">(OCoLC)fst01411628</subfield>
      </datafield>
      <datafield tag="700" ind1="1" ind2=" ">
         <subfield code="a">Sneath, David.</subfield>
      </datafield>
      <datafield tag="710" ind1="2" ind2=" ">
         <subfield code="a">University of Cambridge.</subfield>
         <subfield code="b">Mongolia &amp; Inner Asia Studies Unit.</subfield>
      </datafield>
      <datafield tag="830" ind1=" " ind2="0">
         <subfield code="a">Studies on East Asia ;</subfield>
         <subfield code="v">v. 26.</subfield>
      </datafield>
      <datafield tag="994" ind1=" " ind2=" ">
         <subfield code="a">Z0</subfield>
         <subfield code="b">ZYU</subfield>
      </datafield>
      <datafield tag="OWN" ind1=" " ind2=" ">
         <subfield code="a">GENERAL</subfield>
      </datafield>
      <datafield tag="AVA" ind1=" " ind2=" ">
         <subfield code="a">NYU50</subfield>
         <subfield code="b">NISAW</subfield>
         <subfield code="c">Small Collection</subfield>
         <subfield code="d">DS798.62 .I46 2006</subfield>
         <subfield code="e">available</subfield>
         <subfield code="t">Available</subfield>
         <subfield code="f">1</subfield>
         <subfield code="g">0</subfield>
         <subfield code="h">N</subfield>
         <subfield code="i">0</subfield>
         <subfield code="j">SMALL</subfield>
         <subfield code="k">0</subfield>
      </datafield>
      <marc:datafield tag="852" ind1=" " ind2=" ">
         <marc:subfield code="b">Institute for the Study of the Ancient World, </marc:subfield>
         <marc:subfield code="c">Small Collection</marc:subfield>
         <marc:subfield code="e">15 East 84th St., </marc:subfield>
         <marc:subfield code="e">New York, NY  10028</marc:subfield>
      </marc:datafield>
   </record>