
  
  
  
  
  
  
 
  
  <record xsi:schemaLocation="http://www.loc.gov/MARC21/slim http://www.loc.gov/standards/marcxml/schema/MARC21slim.xsd">
      <leader>00000cam  2200793 i 4500</leader>
      <controlfield tag="FMT">BK</controlfield>
      <controlfield tag="LDR">00000cam  2200793 i 4500</controlfield>
      <controlfield tag="001">004104208</controlfield>
      <controlfield tag="003">OCoLC</controlfield>
      <controlfield tag="005">20150218165605.0</controlfield>
      <controlfield tag="008">150218t20142014enkab    b    001 0 eng</controlfield>
      <datafield tag="010" ind1=" " ind2=" ">
         <subfield code="a">2013047248</subfield>
      </datafield>
      <datafield tag="016" ind1="7" ind2=" ">
         <subfield code="a">016558382</subfield>
         <subfield code="2">Uk</subfield>
      </datafield>
      <datafield tag="020" ind1=" " ind2=" ">
         <subfield code="a">9781107007758 (hardback)</subfield>
      </datafield>
      <datafield tag="020" ind1=" " ind2=" ">
         <subfield code="a">1107007755 (hardback)</subfield>
      </datafield>
      <datafield tag="024" ind1="8" ind2=" ">
         <subfield code="a">40023904056</subfield>
      </datafield>
      <datafield tag="035" ind1=" " ind2=" ">
         <subfield code="a">(OCoLC)863196754</subfield>
      </datafield>
      <datafield tag="040" ind1=" " ind2=" ">
         <subfield code="a">DLC</subfield>
         <subfield code="b">eng</subfield>
         <subfield code="e">rda</subfield>
         <subfield code="c">DLC</subfield>
         <subfield code="d">YDX</subfield>
         <subfield code="d">BTCTA</subfield>
         <subfield code="d">UKMGB</subfield>
         <subfield code="d">ERASA</subfield>
         <subfield code="d">YDXCP</subfield>
         <subfield code="d">CDX</subfield>
         <subfield code="d">DEBBG</subfield>
         <subfield code="d">NLGGC</subfield>
         <subfield code="d">OCLCF</subfield>
         <subfield code="d">NYP</subfield>
         <subfield code="d">OCLCO</subfield>
         <subfield code="d">YUS</subfield>
         <subfield code="d">CHVBK</subfield>
         <subfield code="d">GUA</subfield>
         <subfield code="d">KMS</subfield>
         <subfield code="d">NNU</subfield>
      </datafield>
      <datafield tag="042" ind1=" " ind2=" ">
         <subfield code="a">pcc</subfield>
      </datafield>
      <datafield tag="043" ind1=" " ind2=" ">
         <subfield code="a">f-ua---</subfield>
      </datafield>
      <datafield tag="050" ind1="0" ind2="0">
         <subfield code="a">DT92</subfield>
         <subfield code="b">.F58 2014</subfield>
      </datafield>
      <datafield tag="082" ind1="0" ind2="0">
         <subfield code="a">355.00932/09014</subfield>
         <subfield code="2">23</subfield>
      </datafield>
      <datafield tag="084" ind1=" " ind2=" ">
         <subfield code="a">HIS002000</subfield>
         <subfield code="2">bisacsh</subfield>
      </datafield>
      <datafield tag="084" ind1=" " ind2=" ">
         <subfield code="a">NH 6600</subfield>
         <subfield code="2">rvk</subfield>
      </datafield>
      <datafield tag="100" ind1="1" ind2=" ">
         <subfield code="a">Fischer-Bovet, Christelle,</subfield>
         <subfield code="d">1977-</subfield>
         <subfield code="e">author.</subfield>
      </datafield>
      <datafield tag="245" ind1="1" ind2="0">
         <subfield code="a">Army and society in Ptolemaic Egypt /</subfield>
         <subfield code="c">Christelle Fischer-Bovet.</subfield>
      </datafield>
      <datafield tag="264" ind1=" " ind2="1">
         <subfield code="a">Cambridge, England :</subfield>
         <subfield code="b">Cambridge University Press,</subfield>
         <subfield code="c">[2014]</subfield>
      </datafield>
      <datafield tag="300" ind1=" " ind2=" ">
         <subfield code="a">xxv, 447 pages :</subfield>
         <subfield code="b">illustrations, maps ;</subfield>
         <subfield code="c">26 cm.</subfield>
      </datafield>
      <datafield tag="336" ind1=" " ind2=" ">
         <subfield code="a">text</subfield>
         <subfield code="2">rdacontent</subfield>
      </datafield>
      <datafield tag="337" ind1=" " ind2=" ">
         <subfield code="a">unmediated</subfield>
         <subfield code="2">rdamedia</subfield>
      </datafield>
      <datafield tag="338" ind1=" " ind2=" ">
         <subfield code="a">volume</subfield>
         <subfield code="2">rdacarrier</subfield>
      </datafield>
      <datafield tag="490" ind1="1" ind2=" ">
         <subfield code="a">Armies of the ancient world</subfield>
      </datafield>
      <datafield tag="504" ind1=" " ind2=" ">
         <subfield code="a">Includes bibliographical references (pages 382-418) and index.</subfield>
      </datafield>
      <datafield tag="505" ind1="0" ind2=" ">
         <subfield code="a">Introduction -- The Army in Late Period Egypt (664-332 BC) -- Military challenges faced by the Ptolemies : power, money, crisis and reform -- Military organization and hierarchy -- Military recruitment and ethnic composition -- Settling soldiers -- Soldiers and officers in the Egyptian countryside -- Priests in the Army : a politico-ideological explanation -- The Army and Egyptian temple-building.</subfield>
      </datafield>
      <datafield tag="520" ind1=" " ind2=" ">
         <subfield code="a">Employing Greek and Egyptian papyri and inscriptions, and building on approaches developed in state-formation theory, it offers an account of how the changing structures of the army in Egypt after Alexander's conquest led to the development of an ethnically more integrated society. A new tripartite division of Ptolemaic history challenges the idea of gradual decline and emphasizes the reshaping of military structures that took place between c. 200 and c. 160 BC in response to changes in the nature of warfare, to mobilization and demobilization, and to financial constraints. An investigation of the socio-economic role played by soldiers permits a reassessment of the cleruchic system and shows how soldiers' associations generated inter-ethnic group solidarity. By integrating Egyptian evidence, Christelle Fischer-Bovet also demonstrates that the connection between the army and local temples offered new ways for Greeks and Egyptians to interact.</subfield>
      </datafield>
      <datafield tag="530" ind1=" " ind2=" ">
         <subfield code="a">Also published online.</subfield>
      </datafield>
      <datafield tag="600" ind1="3" ind2="0">
         <subfield code="a">Ptolemaic dynasty,</subfield>
         <subfield code="d">305-30 B.C.</subfield>
      </datafield>
      <datafield tag="610" ind1="1" ind2="0">
         <subfield code="a">Egypt.</subfield>
         <subfield code="b">Jaysh</subfield>
         <subfield code="x">History</subfield>
         <subfield code="y">To 1500.</subfield>
      </datafield>
      <datafield tag="650" ind1=" " ind2="0">
         <subfield code="a">Armies</subfield>
         <subfield code="z">Egypt</subfield>
         <subfield code="x">History</subfield>
         <subfield code="y">To 1500.</subfield>
      </datafield>
      <datafield tag="650" ind1=" " ind2="0">
         <subfield code="a">Sociology, Military</subfield>
         <subfield code="z">Egypt</subfield>
         <subfield code="x">History</subfield>
         <subfield code="y">To 1500.</subfield>
      </datafield>
      <datafield tag="651" ind1=" " ind2="0">
         <subfield code="a">Egypt</subfield>
         <subfield code="x">History, Military</subfield>
         <subfield code="y">To 1500.</subfield>
      </datafield>
      <datafield tag="651" ind1=" " ind2="0">
         <subfield code="a">Egypt</subfield>
         <subfield code="x">History</subfield>
         <subfield code="y">332-30 B.C.</subfield>
      </datafield>
      <datafield tag="610" ind1="1" ind2="4">
         <subfield code="a">Egypt.</subfield>
         <subfield code="b">Jaysh.</subfield>
      </datafield>
      <datafield tag="600" ind1="3" ind2="7">
         <subfield code="a">Ptolemaic dynasty,</subfield>
         <subfield code="d">305-30 B.C.</subfield>
         <subfield code="2">fast</subfield>
         <subfield code="0">(OCoLC)fst00226572</subfield>
      </datafield>
      <datafield tag="610" ind1="1" ind2="7">
         <subfield code="a">Egypt.</subfield>
         <subfield code="b">Jaysh.</subfield>
         <subfield code="2">fast</subfield>
         <subfield code="0">(OCoLC)fst00546721</subfield>
      </datafield>
      <datafield tag="650" ind1=" " ind2="7">
         <subfield code="a">Armies.</subfield>
         <subfield code="2">fast</subfield>
         <subfield code="0">(OCoLC)fst00814802</subfield>
      </datafield>
      <datafield tag="650" ind1=" " ind2="7">
         <subfield code="a">Sociology, Military.</subfield>
         <subfield code="2">fast</subfield>
         <subfield code="0">(OCoLC)fst01123942</subfield>
      </datafield>
      <datafield tag="651" ind1=" " ind2="7">
         <subfield code="a">Egypt.</subfield>
         <subfield code="2">fast</subfield>
         <subfield code="0">(OCoLC)fst01208755</subfield>
      </datafield>
      <datafield tag="650" ind1=" " ind2="7">
         <subfield code="a">Gesellschaft.</subfield>
         <subfield code="0">(DE-588)4020588-5</subfield>
         <subfield code="2">gnd</subfield>
      </datafield>
      <datafield tag="650" ind1=" " ind2="7">
         <subfield code="a">Militär.</subfield>
         <subfield code="0">(DE-588)4039305-7</subfield>
         <subfield code="2">gnd</subfield>
      </datafield>
      <datafield tag="651" ind1=" " ind2="7">
         <subfield code="a">Ägypten.</subfield>
         <subfield code="0">(DE-588)4068430-1</subfield>
         <subfield code="2">gnd</subfield>
      </datafield>
      <datafield tag="648" ind1=" " ind2="7">
         <subfield code="a">To 1500</subfield>
         <subfield code="2">fast</subfield>
      </datafield>
      <datafield tag="655" ind1=" " ind2="7">
         <subfield code="a">History.</subfield>
         <subfield code="2">fast</subfield>
         <subfield code="0">(OCoLC)fst01411628</subfield>
      </datafield>
      <datafield tag="655" ind1=" " ind2="7">
         <subfield code="a">Military history.</subfield>
         <subfield code="2">fast</subfield>
         <subfield code="0">(OCoLC)fst01411630</subfield>
      </datafield>
      <datafield tag="776" ind1="0" ind2="8">
         <subfield code="t">Army and society in Ptolemaic Egypt</subfield>
         <subfield code="z">9781139035231</subfield>
         <subfield code="w">(OCoLC)879668067</subfield>
         <subfield code="w">(NNU)003983047</subfield>
      </datafield>
      <datafield tag="830" ind1=" " ind2="0">
         <subfield code="a">Armies of the ancient world.</subfield>
      </datafield>
      <datafield tag="994" ind1=" " ind2=" ">
         <subfield code="a">Z0</subfield>
         <subfield code="b">ZYU</subfield>
      </datafield>
      <datafield tag="OWN" ind1=" " ind2=" ">
         <subfield code="a">GENERAL</subfield>
      </datafield>
      <datafield tag="AVA" ind1=" " ind2=" ">
         <subfield code="a">NYU50</subfield>
         <subfield code="b">NISAW</subfield>
         <subfield code="c">Small Collection</subfield>
         <subfield code="d">DT92 .F58 2014</subfield>
         <subfield code="e">available</subfield>
         <subfield code="t">Available</subfield>
         <subfield code="f">1</subfield>
         <subfield code="g">0</subfield>
         <subfield code="h">N</subfield>
         <subfield code="i">0</subfield>
         <subfield code="j">SMALL</subfield>
         <subfield code="k">0</subfield>
      </datafield>
      <marc:datafield tag="852" ind1=" " ind2=" ">
         <marc:subfield code="b">Institute for the Study of the Ancient World, </marc:subfield>
         <marc:subfield code="c">Small Collection</marc:subfield>
         <marc:subfield code="e">15 East 84th St., </marc:subfield>
         <marc:subfield code="e">New York, NY  10028</marc:subfield>
      </marc:datafield>
   </record>