
  
  
  
  
  
  
 
  
  <record xsi:schemaLocation="http://www.loc.gov/MARC21/slim http://www.loc.gov/standards/marcxml/schema/MARC21slim.xsd">
      <leader>00000nam  22      i 4500</leader>
      <controlfield tag="FMT">BK</controlfield>
      <controlfield tag="LDR">00000nam  22      i 4500</controlfield>
      <controlfield tag="001">004104711</controlfield>
      <controlfield tag="005">20150219125156.0</controlfield>
      <controlfield tag="008">150219t20152015ndua     b    000 0 eng d</controlfield>
      <datafield tag="020" ind1=" " ind2=" ">
         <subfield code="a">9780692368398</subfield>
      </datafield>
      <datafield tag="020" ind1=" " ind2=" ">
         <subfield code="a">0692368396</subfield>
      </datafield>
      <datafield tag="040" ind1=" " ind2=" ">
         <subfield code="a">NNU</subfield>
         <subfield code="b">eng</subfield>
         <subfield code="e">rda</subfield>
         <subfield code="c">NNU</subfield>
      </datafield>
      <datafield tag="043" ind1=" " ind2=" ">
         <subfield code="a">mm-----</subfield>
      </datafield>
      <datafield tag="050" ind1=" " ind2="4">
         <subfield code="a">CC80.4</subfield>
         <subfield code="b">.V57 2015</subfield>
      </datafield>
      <datafield tag="245" ind1="0" ind2="0">
         <subfield code="a">Visions of substance :</subfield>
         <subfield code="b">3D imaging in Mediterranean archaeology /</subfield>
         <subfield code="c">edited by Brandon R. Olson, William R. Caraher.</subfield>
      </datafield>
      <datafield tag="264" ind1=" " ind2="1">
         <subfield code="a">[Grand Forks, N.D.] :</subfield>
         <subfield code="b">The Digital Press @ The University of North Dakota,</subfield>
         <subfield code="c">[2015].</subfield>
      </datafield>
      <datafield tag="264" ind1=" " ind2="4">
         <subfield code="c">©2015</subfield>
      </datafield>
      <datafield tag="300" ind1=" " ind2=" ">
         <subfield code="a">115 pages :</subfield>
         <subfield code="b">color illustrations,</subfield>
         <subfield code="c">22 cm</subfield>
      </datafield>
      <datafield tag="336" ind1=" " ind2=" ">
         <subfield code="a">text</subfield>
         <subfield code="b">txt</subfield>
         <subfield code="2">rdacontent</subfield>
      </datafield>
      <datafield tag="337" ind1=" " ind2=" ">
         <subfield code="a">unmediated</subfield>
         <subfield code="b">n</subfield>
         <subfield code="2">rdamedia</subfield>
      </datafield>
      <datafield tag="338" ind1=" " ind2=" ">
         <subfield code="a">volume</subfield>
         <subfield code="b">nc</subfield>
         <subfield code="2">rdacarrier</subfield>
      </datafield>
      <datafield tag="500" ind1=" " ind2=" ">
         <subfield code="a">ISAW copy is a gift of Sebastian Heath.</subfield>
         <subfield code="5">NNU</subfield>
      </datafield>
      <datafield tag="504" ind1=" " ind2=" ">
         <subfield code="a">Includes bibliographical references.</subfield>
      </datafield>
      <datafield tag="505" ind1="0" ind2="0">
         <subfield code="t">Introduction /</subfield>
         <subfield code="r">Olson, Brandon R.</subfield>
         <subfield code="g">[Part 1.] Theory.</subfield>
         <subfield code="t">3D imaging in Mediterranean archaeology : what are we doing, anyway? /</subfield>
         <subfield code="r">Newhard, James --</subfield>
         <subfield code="t">Discussion of the analytical benefits of image based modeling in archaeology /</subfield>
         <subfield code="r">Olson, Brandon R. --</subfield>
         <subfield code="r">Placchetti, Ryan A. --</subfield>
         <subfield code="t">Work of archaeology in the age of digital surrogacy /</subfield>
         <subfield code="r">Rabinowitz, Adam --</subfield>
         <subfield code="t">Three- and four-dimensional archaeological publication /</subfield>
         <subfield code="r">Reinhard, Andrew.</subfield>
         <subfield code="t">[Part 2.] Practice.</subfield>
         <subfield code="t">Closing gaps with low-cost 3D /</subfield>
         <subfield code="r">Heath, Sebastian --</subfield>
         <subfield code="t">3D models as analytical tools /</subfield>
         <subfield code="r">Gruber, Ethan --</subfield>
         <subfield code="t">Three dimensional field recording in archaeology : an example from Gabii /</subfield>
         <subfield code="r">Opitz, Rachel --</subfield>
         <subfield code="t">Photogrammetry on the Pompeii Quadriporticus project /</subfield>
         <subfield code="r">Poehler, Eric --</subfield>
         <subfield code="t">3D reconstruction of the Renaissance bastion at the Langenbrücker gate in Lemgo (Germany) /</subfield>
         <subfield code="r">Nockemann, Guido --</subfield>
         <subfield code="t">Bringing the past into the present : digital archaeology meets mechanical engineering /</subfield>
         <subfield code="r">Olson, Brandon R. --</subfield>
         <subfield code="r">Gordon, Jody M. --</subfield>
         <subfield code="r">Runnels, Curtis --</subfield>
         <subfield code="r">Chomyszak, Steve.</subfield>
      </datafield>
      <datafield tag="650" ind1=" " ind2="0">
         <subfield code="a">Three-dimensional imaging in archaeology.</subfield>
      </datafield>
      <datafield tag="650" ind1=" " ind2="0">
         <subfield code="a">Archaeology</subfield>
         <subfield code="x">Computer simulation.</subfield>
      </datafield>
      <datafield tag="650" ind1=" " ind2="0">
         <subfield code="a">Excavations (Archaeology)</subfield>
         <subfield code="z">Mediterranean Region.</subfield>
      </datafield>
      <datafield tag="700" ind1="1" ind2=" ">
         <subfield code="a">Olson, Brandon R.</subfield>
         <subfield code="q">(Brandon Richard)</subfield>
         <subfield code="e">editor of compilation.</subfield>
      </datafield>
      <datafield tag="700" ind1="1" ind2=" ">
         <subfield code="a">Caraher, William R.</subfield>
         <subfield code="q">(William Rodney),</subfield>
         <subfield code="d">1972-</subfield>
         <subfield code="e">editor of compilation.</subfield>
      </datafield>
      <datafield tag="700" ind1="1" ind2=" ">
         <subfield code="a">Heath, Sebastian,</subfield>
         <subfield code="d">1966-</subfield>
         <subfield code="e">contributor.</subfield>
      </datafield>
      <datafield tag="796" ind1="1" ind2=" ">
         <subfield code="a">Heath, Sebastian,</subfield>
         <subfield code="d">1966-</subfield>
         <subfield code="e">donor.</subfield>
      </datafield>
      <datafield tag="OWN" ind1=" " ind2=" ">
         <subfield code="a">GENERAL</subfield>
      </datafield>
      <datafield tag="AVA" ind1=" " ind2=" ">
         <subfield code="a">NYU50</subfield>
         <subfield code="b">NISAW</subfield>
         <subfield code="c">Small Collection</subfield>
         <subfield code="d">CC80.4 .V57 2015</subfield>
         <subfield code="e">available</subfield>
         <subfield code="t">Available</subfield>
         <subfield code="f">1</subfield>
         <subfield code="g">0</subfield>
         <subfield code="h">N</subfield>
         <subfield code="i">0</subfield>
         <subfield code="j">SMALL</subfield>
         <subfield code="k">0</subfield>
      </datafield>
      <marc:datafield tag="852" ind1=" " ind2=" ">
         <marc:subfield code="b">Institute for the Study of the Ancient World, </marc:subfield>
         <marc:subfield code="c">Small Collection</marc:subfield>
         <marc:subfield code="e">15 East 84th St., </marc:subfield>
         <marc:subfield code="e">New York, NY  10028</marc:subfield>
      </marc:datafield>
   </record>