
  
  
  
  
  
 
  
  <record xsi:schemaLocation="http://www.loc.gov/MARC21/slim http://www.loc.gov/standards/marcxml/schema/MARC21slim.xsd">
      <leader>00000cam  2200721 i 4500</leader>
      <controlfield tag="FMT">BK</controlfield>
      <controlfield tag="LDR">00000cam  2200721 i 4500</controlfield>
      <controlfield tag="001">001862378</controlfield>
      <controlfield tag="003">OCoLC</controlfield>
      <controlfield tag="005">20150219110811.0</controlfield>
      <controlfield tag="008">740516s1948    hu gh         000 0 eng c</controlfield>
      <datafield tag="010" ind1=" " ind2=" ">
         <subfield code="a">53027024</subfield>
      </datafield>
      <datafield tag="035" ind1=" " ind2=" ">
         <subfield code="a">(OCoLC)889249</subfield>
      </datafield>
      <datafield tag="040" ind1=" " ind2=" ">
         <subfield code="a">KEN</subfield>
         <subfield code="b">eng</subfield>
         <subfield code="c">KEN</subfield>
         <subfield code="d">OCLCQ</subfield>
         <subfield code="d">NLGGC</subfield>
         <subfield code="d">OCLCG</subfield>
         <subfield code="d">CUY</subfield>
         <subfield code="d">J9U</subfield>
         <subfield code="d">EYM</subfield>
         <subfield code="d">GHS</subfield>
         <subfield code="d">KSU</subfield>
         <subfield code="d">OCLCQ</subfield>
         <subfield code="d">OCLCO</subfield>
         <subfield code="d">NAM</subfield>
         <subfield code="d">RBN</subfield>
         <subfield code="d">OCLCF</subfield>
         <subfield code="d">NNU</subfield>
      </datafield>
      <datafield tag="041" ind1="0" ind2=" ">
         <subfield code="a">engmul</subfield>
      </datafield>
      <datafield tag="050" ind1=" " ind2="0">
         <subfield code="a">PJ5003.Z5</subfield>
         <subfield code="b">G6 1948</subfield>
      </datafield>
      <datafield tag="066" ind1=" " ind2=" ">
         <subfield code="c">(2</subfield>
      </datafield>
      <datafield tag="082" ind1=" " ind2="4">
         <subfield code="a">492.04</subfield>
      </datafield>
      <datafield tag="100" ind1="1" ind2=" ">
         <subfield code="a">Loewinger, D. S.</subfield>
         <subfield code="q">(David Samuel),</subfield>
         <subfield code="d">1904-</subfield>
         <subfield code="e">editor.</subfield>
      </datafield>
      <datafield tag="245" ind1="1" ind2="0">
         <subfield code="a">Ignace Goldziher memorial volume /</subfield>
         <subfield code="c">edited by Samuel Löwinger [and] Joseph Somogyi.</subfield>
      </datafield>
      <datafield tag="260" ind1=" " ind2=" ">
         <subfield code="a">Budapest : [s.n.],</subfield>
         <subfield code="c">1948-58.</subfield>
      </datafield>
      <datafield tag="300" ind1=" " ind2=" ">
         <subfield code="a">2 volumes :</subfield>
         <subfield code="b">facsimile, music, portrait ;</subfield>
         <subfield code="c">21 cm</subfield>
      </datafield>
      <datafield tag="336" ind1=" " ind2=" ">
         <subfield code="a">text</subfield>
         <subfield code="b">txt</subfield>
         <subfield code="2">rdacontent</subfield>
      </datafield>
      <datafield tag="337" ind1=" " ind2=" ">
         <subfield code="a">unmediated</subfield>
         <subfield code="b">n</subfield>
         <subfield code="2">rdamedia</subfield>
      </datafield>
      <datafield tag="338" ind1=" " ind2=" ">
         <subfield code="a">volume</subfield>
         <subfield code="b">nc</subfield>
         <subfield code="2">rdacarrier</subfield>
      </datafield>
      <datafield tag="500" ind1=" " ind2=" ">
         <subfield code="a">Vol. 2 edited by S. Löwinger, A. Scheiber and J. Somogyi and published in Jerusalem.</subfield>
      </datafield>
      <datafield tag="500" ind1=" " ind2=" ">
         <subfield code="a">Added title page in Hebrew.</subfield>
      </datafield>
      <datafield tag="500" ind1=" " ind2=" ">
         <subfield code="a">ISAW copy is from the library of Hayim and Miriam Tadmor.</subfield>
         <subfield code="5">NNU</subfield>
      </datafield>
      <datafield tag="505" ind1="0" ind2="0">
         <subfield code="g">pt. 1.</subfield>
         <subfield code="t">Qurʼān readings of Ibn Miqsam /</subfield>
         <subfield code="r">Arthur Jeffery --</subfield>
         <subfield code="t">Strange reading in the Qurʼān /</subfield>
         <subfield code="r">Charles C. Torrey --</subfield>
         <subfield code="t">Note on mishkāt /</subfield>
         <subfield code="r">W.H. Worrell --</subfield>
         <subfield code="t">Hairs of the Prophet /</subfield>
         <subfield code="r">Samuel M. Zwemer --</subfield>
         <subfield code="t">Arabic scientific literature /</subfield>
         <subfield code="r">George Sarton --</subfield>
         <subfield code="t">Arabic religious literature: new approaches in research /</subfield>
         <subfield code="r">Edwin E. Calverley --</subfield>
         <subfield code="t">Eulogētos /</subfield>
         <subfield code="r">Eric F.F. Bishop --</subfield>
         <subfield code="t">Character of early Islamic sects /</subfield>
         <subfield code="r">William Thomson --</subfield>
         <subfield code="t">Chronological order of Ezra and Nehemiah /</subfield>
         <subfield code="r">H.H. Rowley --</subfield>
         <subfield code="t">Argument from design: a Muʻtazilite treatise attributed to al-Jāḥiẓ /</subfield>
         <subfield code="r">H.A.R. Gibb --</subfield>
         <subfield code="t">Qurʼān and the ʻArabīya /</subfield>
         <subfield code="r">Paul Kahle --</subfield>
         <subfield code="t">Kitāb al-Badīʻ of Ibn Khālawaih /</subfield>
         <subfield code="r">Arthur J. Arberry --</subfield>
         <subfield code="t">Oriental documents in the Swedish State Archives /</subfield>
         <subfield code="r">K.V. Zettersteen --</subfield>
         <subfield code="t">Untersuchungen zum Mitlautbestand des Ugaritisch-Semitischen /</subfield>
         <subfield code="r">Joseph Aistleitner --</subfield>
         <subfield code="t">Islamic preacher: wāʻiẓ, mudhakkir, qāṣṣ /</subfield>
         <subfield code="r">Johs. Pedersen --</subfield>
         <subfield code="t">Nouvelle bibliographie hallagienne /</subfield>
         <subfield code="r">Louis Massignon --</subfield>
      </datafield>
      <datafield tag="505" ind1="0" ind2="0">
         <subfield code="9"/>
         <subfield code="t">Contribution to Qurʼān and Ḥadīth interpretation /</subfield>
         <subfield code="r">A.S. Yahuda --</subfield>
         <subfield code="t">About five-tone-scales in the early Hebrew melodies /</subfield>
         <subfield code="r">B. Szabolcsi --</subfield>
         <subfield code="t">Middle Assyrian votive bead found at Tanis /</subfield>
         <subfield code="r">Julius Lewy --</subfield>
         <subfield code="t">Remarks on Psalm 91 /</subfield>
         <subfield code="r">Immanuel Löw --</subfield>
         <subfield code="t">Cérémonie du tewḥīd á Vidin /</subfield>
         <subfield code="r">Jules Németh --</subfield>
         <subfield code="t">Nebuchadnezzar's dream in the book of Daniel /</subfield>
         <subfield code="r">Samuel Löwinger --</subfield>
         <subfield code="t">Adh-Dhahabī's record of the destruction of Damascus by the Mongols in 699-700/1299-1301 /</subfield>
         <subfield code="r">Joseph Somogyi --</subfield>
         <subfield code="t">Sur quelques éléments juifs et pseudo-juifs dans l'encyclopédie magique de Būnī /</subfield>
         <subfield code="r">Georges Vajda --</subfield>
         <subfield code="t">Autograph letter of the pseudo-messiah Mordecai ben Hayyim of Eisenstadt /</subfield>
         <subfield code="r">Jacob Leveen --</subfield>
         <subfield code="t">De pseudopropheta Nathan Ghazati ignota relatio /</subfield>
         <subfield code="r">Mauricius Dercsényi --</subfield>
         <subfield code="t">Egyptian elements in the Haggadah /</subfield>
         <subfield code="r">Bernard Heller --</subfield>
         <subfield code="t">Supplementary bibliography of the literary work of Ignace Goldziher /</subfield>
         <subfield code="r">Alexander Scheiber --</subfield>
      </datafield>
      <datafield tag="505" ind1="0" ind2="0">
         <subfield code="9"/>
         <subfield code="t">Quelques additions et corrections à la "Bibliographie des Oeuvres de Ignace Goldziher par B. Heller, Paris, 1927" /</subfield>
         <subfield code="r">I. Kratschkovsky --</subfield>
         <subfield code="g">English summaries of the Hebrew articles.</subfield>
         <subfield code="t">Goldziher as seen through his letters /</subfield>
         <subfield code="r">S.D. Goitein --</subfield>
         <subfield code="t">Letter by Poznanski and Sokolov to Goldziher /</subfield>
         <subfield code="r">S. Löwinger --</subfield>
         <subfield code="t">Rabbanite prayer-book quoted by Qirqisānī /</subfield>
         <subfield code="r">Alexander Scheiber --</subfield>
         <subfield code="t">Poem by Israel Najara as a Sabbatian hymn /</subfield>
         <subfield code="r">G. Sholem --</subfield>
         <subfield code="g">pt. 2.</subfield>
         <subfield code="t">Sur la doctrine du Mahdi Ibn Tūmart /</subfield>
         <subfield code="r">Robert Brunschvig --</subfield>
         <subfield code="t">Christian legislation on the synagogue /</subfield>
         <subfield code="r">Samuel Krauss --</subfield>
         <subfield code="t">Suggestions for further studies in Judaeo-Arabic literature /</subfield>
         <subfield code="r">Solomon L. Skoss --</subfield>
         <subfield code="t">Testimonial compulsion in Jewish, Roman, and Moslem law /</subfield>
         <subfield code="r">Boaz Cohen --</subfield>
         <subfield code="t">Beiträge zur islamischen Literaturgeschichte /</subfield>
         <subfield code="r">M. Plessner --</subfield>
         <subfield code="t">Ibn Kammūna's treatise on the immortality of the soul /</subfield>
         <subfield code="r">Leon Nemoy --</subfield>
         <subfield code="t">Eliezer ben Hyrcanus: a Shammaite? /</subfield>
         <subfield code="r">Alexander Guttmann --</subfield>
      </datafield>
      <datafield tag="505" ind1="0" ind2="0">
         <subfield code="9"/>
         <subfield code="t">On the development and shifting of motives in the Israelitic-Jewish conceptions of clean and unclean /</subfield>
         <subfield code="r">Abraham Brody --</subfield>
         <subfield code="t">About Jewish elements in the Vitae prophetarum /</subfield>
         <subfield code="r">Otto Komlòs --</subfield>
         <subfield code="t">Miscellanea Arabo-Turcica /</subfield>
         <subfield code="r">Ladislaus Rásonyi --</subfield>
         <subfield code="t">Pslam XIX:5 /</subfield>
         <subfield code="r">David Fokos-Fuchs --</subfield>
         <subfield code="t">Ibn Khaldūn: on the Bible, Judaism and the Jews /</subfield>
         <subfield code="r">Walter J. Fischel --</subfield>
         <subfield code="t">Asnawī's tract against Christian officials /</subfield>
         <subfield code="r">Moshe Perlman --</subfield>
         <subfield code="t">Addenda to the bibliography of Goldziher /</subfield>
         <subfield code="r">Alexander Scheiber --</subfield>
         <subfield code="t">[Edition of the Arabic text of the "seventy words" by Saadia Gaon] /</subfield>
         <subfield code="r">Nehemia Allony --</subfield>
         <subfield code="t">[Renewal of the controversy over the prayer for the head of the community at Abraham Maimuni's time] /</subfield>
         <subfield code="r">S.D. Goitein --</subfield>
         <subfield code="t">[Two Piyyutim for Sukkoth, from the Kaufmann Ceniza-Collection] /</subfield>
         <subfield code="r">Alexander Scheiber --</subfield>
         <subfield code="t">[On the development of the Agunah-problem] /</subfield>
         <subfield code="r">Ernest (A.N.Z.) Roth --</subfield>
         <subfield code="t">[Jesh 'em lemiqra': a new suggestion on the interpretation of this formula] /</subfield>
         <subfield code="r">Leo Jung --</subfield>
      </datafield>
      <datafield tag="505" ind1="0" ind2="0">
         <subfield code="9"/>
         <subfield code="t">[613 commandments among the Samaritans] /</subfield>
         <subfield code="r">Abraham S. Halkin --</subfield>
         <subfield code="t">[Remarks on the Arabic text of the Kuzari] /</subfield>
         <subfield code="r">D.Z. Baneth --</subfield>
         <subfield code="t">[Relative clauses in the peasant dialect of Bir-Zeit] /</subfield>
         <subfield code="r">Joshua Blau.</subfield>
      </datafield>
      <datafield tag="600" ind1="1" ind2="0">
         <subfield code="a">Goldziher, Ignác,</subfield>
         <subfield code="d">1850-1921</subfield>
         <subfield code="6">880-01</subfield>
      </datafield>
      <datafield tag="650" ind1=" " ind2="0">
         <subfield code="a">Semitic philology.</subfield>
      </datafield>
      <datafield tag="650" ind1="1" ind2="7">
         <subfield code="a">Islam.</subfield>
         <subfield code="2">gtt</subfield>
      </datafield>
      <datafield tag="650" ind1="1" ind2="7">
         <subfield code="a">Jodendom.</subfield>
         <subfield code="2">gtt</subfield>
      </datafield>
      <datafield tag="650" ind1="1" ind2="7">
         <subfield code="a">Semitische talen.</subfield>
         <subfield code="2">gtt</subfield>
      </datafield>
      <datafield tag="600" ind1="1" ind2="7">
         <subfield code="a">Goldziher, Ignác,</subfield>
         <subfield code="d">1850-1921.</subfield>
         <subfield code="2">fast</subfield>
         <subfield code="0">(OCoLC)fst00030592</subfield>
      </datafield>
      <datafield tag="650" ind1=" " ind2="7">
         <subfield code="a">Semitic philology.</subfield>
         <subfield code="2">fast</subfield>
         <subfield code="0">(OCoLC)fst01112420</subfield>
      </datafield>
      <datafield tag="700" ind1="1" ind2=" ">
         <subfield code="6">880-02</subfield>
         <subfield code="a">Somogyi, József,</subfield>
         <subfield code="d">1899-</subfield>
         <subfield code="e">editor.</subfield>
      </datafield>
      <datafield tag="776" ind1="0" ind2="8">
         <subfield code="i">Online version:</subfield>
         <subfield code="a">Loewinger, D.S. (David Samuel), 1904-</subfield>
         <subfield code="t">Ignace Goldziher memorial volume.</subfield>
         <subfield code="d">Budapest, 1948-58</subfield>
         <subfield code="w">(OCoLC)649064777</subfield>
      </datafield>
      <datafield tag="796" ind1="1" ind2=" ">
         <subfield code="a">Tadmor, Hayim,</subfield>
         <subfield code="e">former owner.</subfield>
      </datafield>
      <datafield tag="796" ind1="1" ind2=" ">
         <subfield code="a">Tadmor, Miriam,</subfield>
         <subfield code="e">former owner.</subfield>
      </datafield>
      <datafield tag="797" ind1="2" ind2=" ">
         <subfield code="a">Tadmor Collection.</subfield>
      </datafield>
      <datafield tag="880" ind1="3" ind2=" ">
         <subfield code="6">246-00/</subfield>
         <subfield code="a">ספר זכרון לכבוד יצחק יהודה גולדציהר</subfield>
      </datafield>
      <datafield tag="880" ind1=" " ind2=" ">
         <subfield code="6">500-00/</subfield>
         <subfield code="a">שער נוסף: ספר זכרון לכבוד פרופ' יצחק יהודה גולדציהר.</subfield>
      </datafield>
      <datafield tag="880" ind1="1" ind2="4">
         <subfield code="6">600-01/</subfield>
         <subfield code="a">גולדציהר, יצחק יהודה,</subfield>
         <subfield code="d">1850-1921.</subfield>
      </datafield>
      <datafield tag="880" ind1="1" ind2=" ">
         <subfield code="6">700-02/</subfield>
         <subfield code="a">גויטין, שלמה דב,</subfield>
         <subfield code="d">1900-1985.</subfield>
      </datafield>
      <datafield tag="OWN" ind1=" " ind2=" ">
         <subfield code="a">GENERAL</subfield>
      </datafield>
      <datafield tag="950" ind1=" " ind2=" ">
         <subfield code="l">BMAIN</subfield>
         <subfield code="a">PJ3002.Z5</subfield>
         <subfield code="b">G6</subfield>
      </datafield>
      <datafield tag="955" ind1=" " ind2=" ">
         <subfield code="l">BMAIN</subfield>
         <subfield code="c">2:v.2</subfield>
         <subfield code="r">004539113</subfield>
      </datafield>
      <datafield tag="955" ind1=" " ind2=" ">
         <subfield code="l">BMAIN</subfield>
         <subfield code="c">1:v.2</subfield>
         <subfield code="r">002625872</subfield>
      </datafield>
      <datafield tag="955" ind1=" " ind2=" ">
         <subfield code="l">BMAIN</subfield>
         <subfield code="c">1:v.1</subfield>
         <subfield code="r">000744550</subfield>
      </datafield>
      <datafield tag="AVA" ind1=" " ind2=" ">
         <subfield code="a">NYU50</subfield>
         <subfield code="b">BOBST</subfield>
         <subfield code="c">Main Collection</subfield>
         <subfield code="d">PJ3002.Z5 G6</subfield>
         <subfield code="e">available</subfield>
         <subfield code="t">Available</subfield>
         <subfield code="f">3</subfield>
         <subfield code="g">0</subfield>
         <subfield code="h">Y</subfield>
         <subfield code="i">2</subfield>
         <subfield code="j">MAIN</subfield>
         <subfield code="k">0</subfield>
      </datafield>
      <datafield tag="AVA" ind1=" " ind2=" ">
         <subfield code="a">NYU50</subfield>
         <subfield code="b">NISAW</subfield>
         <subfield code="c">Small Collection</subfield>
         <subfield code="d">PJ5003.Z5 G6 1948</subfield>
         <subfield code="e">available</subfield>
         <subfield code="t">Available</subfield>
         <subfield code="f">1</subfield>
         <subfield code="g">0</subfield>
         <subfield code="h">Y</subfield>
         <subfield code="i">0</subfield>
         <subfield code="j">SMALL</subfield>
         <subfield code="k">0</subfield>
      </datafield>
      <marc:datafield tag="852" ind1=" " ind2=" ">
         <marc:subfield code="b">Institute for the Study of the Ancient World, </marc:subfield>
         <marc:subfield code="c">Small Collection</marc:subfield>
         <marc:subfield code="e">15 East 84th St., </marc:subfield>
         <marc:subfield code="e">New York, NY  10028</marc:subfield>
      </marc:datafield>
   </record>