
  
  
  
  
  
  
 
  
  <record xsi:schemaLocation="http://www.loc.gov/MARC21/slim http://www.loc.gov/standards/marcxml/schema/MARC21slim.xsd">
      <leader>00000cam  2200661 i 4500</leader>
      <controlfield tag="FMT">BK</controlfield>
      <controlfield tag="LDR">00000cam  2200661 i 4500</controlfield>
      <controlfield tag="001">002539430</controlfield>
      <controlfield tag="003">OCoLC</controlfield>
      <controlfield tag="005">20150220094534.0</controlfield>
      <controlfield tag="008">780207s1978    pau      b    001 0 eng</controlfield>
      <datafield tag="010" ind1=" " ind2=" ">
         <subfield code="a">78001883</subfield>
      </datafield>
      <datafield tag="020" ind1=" " ind2=" ">
         <subfield code="a">0664207626</subfield>
      </datafield>
      <datafield tag="020" ind1=" " ind2=" ">
         <subfield code="a">9780664207625</subfield>
      </datafield>
      <datafield tag="035" ind1=" " ind2=" ">
         <subfield code="a">(OCoLC)3669566</subfield>
      </datafield>
      <datafield tag="040" ind1=" " ind2=" ">
         <subfield code="a">DLC</subfield>
         <subfield code="b">eng</subfield>
         <subfield code="c">DLC</subfield>
         <subfield code="d">OCL</subfield>
         <subfield code="d">BAKER</subfield>
         <subfield code="d">BTCTA</subfield>
         <subfield code="d">OCLCG</subfield>
         <subfield code="d">WY@</subfield>
         <subfield code="d">XXH</subfield>
         <subfield code="d">HNW</subfield>
         <subfield code="d">YDXCP</subfield>
         <subfield code="d">GBVCP</subfield>
         <subfield code="d">OCLCF</subfield>
         <subfield code="d">OCLCQ</subfield>
         <subfield code="d">NNU</subfield>
      </datafield>
      <datafield tag="041" ind1="1" ind2=" ">
         <subfield code="a">eng</subfield>
         <subfield code="h">fre</subfield>
      </datafield>
      <datafield tag="050" ind1="0" ind2="0">
         <subfield code="a">DS117</subfield>
         <subfield code="b">.V3813 1978</subfield>
      </datafield>
      <datafield tag="082" ind1=" " ind2="4">
         <subfield code="a">220.9/5</subfield>
      </datafield>
      <datafield tag="100" ind1="1" ind2=" ">
         <subfield code="a">Vaux, Roland de,</subfield>
         <subfield code="d">1903-1971.</subfield>
      </datafield>
      <datafield tag="240" ind1="1" ind2="0">
         <subfield code="a">Histoire ancienne d'Israël.</subfield>
         <subfield code="l">English</subfield>
      </datafield>
      <datafield tag="245" ind1="1" ind2="4">
         <subfield code="a">The early history of Israel /</subfield>
         <subfield code="c">Roland de Vaux ; translated by David Smith.</subfield>
      </datafield>
      <datafield tag="260" ind1=" " ind2=" ">
         <subfield code="a">Philadelphia :</subfield>
         <subfield code="b">Westminster Press,</subfield>
         <subfield code="c">©1978.</subfield>
      </datafield>
      <datafield tag="300" ind1=" " ind2=" ">
         <subfield code="a">xxvii, 886 pages ;</subfield>
         <subfield code="c">24 cm</subfield>
      </datafield>
      <datafield tag="336" ind1=" " ind2=" ">
         <subfield code="a">text</subfield>
         <subfield code="b">txt</subfield>
         <subfield code="2">rdacontent</subfield>
      </datafield>
      <datafield tag="337" ind1=" " ind2=" ">
         <subfield code="a">unmediated</subfield>
         <subfield code="b">n</subfield>
         <subfield code="2">rdamedia</subfield>
      </datafield>
      <datafield tag="338" ind1=" " ind2=" ">
         <subfield code="a">volume</subfield>
         <subfield code="b">nc</subfield>
         <subfield code="2">rdacarrier</subfield>
      </datafield>
      <datafield tag="500" ind1=" " ind2=" ">
         <subfield code="a">Translation of Histoire ancienne d'Israël.</subfield>
      </datafield>
      <datafield tag="500" ind1=" " ind2=" ">
         <subfield code="a">ISAW copy is from the library of Hayim and Miriam Tadmor.</subfield>
         <subfield code="5">NNU</subfield>
      </datafield>
      <datafield tag="504" ind1=" " ind2=" ">
         <subfield code="a">Includes bibliographical references and indexes.</subfield>
      </datafield>
      <datafield tag="505" ind1="0" ind2=" ">
         <subfield code="a">The country of the Bible -- The earliest periods -- Palestine during the first half of the second millennium -- Palestine during the eighteenth and nineteenth dynasties in Egypt -- Canaan and the Canaanite civilisation -- The patriarchal traditions in Genesis -- The patriarchal traditions and history -- The patriarchs and eastern society -- The date of the patriarchs -- The religion of the patriarchs -- The settlement in Egypt : the story of Joseph -- The mission of Moses -- The exodus from Egypt -- The Sinai traditions -- The religion of Moses -- The historical framework -- The settlement in the south of Palestine : the tribes of Judah, Simeon and Levi -- The settlement in Transjordania : the tribes of Reuben, Gilead-Gad and Manasseh-Machir -- The settlement in central Palestine : Benjamin and the house of Joseph -- The settlement in the north of Palestine : Asher, Naphtali, Zebulun and Issachar -- General survey of the settlement in Canaan -- The biblical sources : the Book of Judges -- The twelve tribes of Israel : the theory of the 'Israelite amphictyony' -- The 'twelve-tribe' system -- The judges of Israel -- The life of the tribes.</subfield>
      </datafield>
      <datafield tag="650" ind1=" " ind2="0">
         <subfield code="a">Jews</subfield>
         <subfield code="x">History</subfield>
         <subfield code="y">To 953 B.C.</subfield>
      </datafield>
      <datafield tag="650" ind1=" " ind2="7">
         <subfield code="a">Jews.</subfield>
         <subfield code="2">fast</subfield>
         <subfield code="0">(OCoLC)fst00983135</subfield>
      </datafield>
      <datafield tag="648" ind1=" " ind2="7">
         <subfield code="a">To 953 B.C.</subfield>
         <subfield code="2">fast</subfield>
      </datafield>
      <datafield tag="653" ind1=" " ind2="0">
         <subfield code="a">Bible // O.T.</subfield>
         <subfield code="a">History of Biblical events</subfield>
      </datafield>
      <datafield tag="653" ind1=" " ind2="0">
         <subfield code="a">Jews</subfield>
         <subfield code="a">History</subfield>
         <subfield code="a">To 953 B.C</subfield>
      </datafield>
      <datafield tag="655" ind1=" " ind2="7">
         <subfield code="a">History.</subfield>
         <subfield code="2">fast</subfield>
         <subfield code="0">(OCoLC)fst01411628</subfield>
      </datafield>
      <datafield tag="776" ind1="0" ind2="8">
         <subfield code="i">Online version:</subfield>
         <subfield code="a">Vaux, Roland de, 1903-1971.</subfield>
         <subfield code="s">Histoire ancienne d'Israël. English.</subfield>
         <subfield code="t">Early history of Israel.</subfield>
         <subfield code="d">Philadelphia : Westminster Press, ©1978</subfield>
         <subfield code="w">(OCoLC)647659259</subfield>
      </datafield>
      <datafield tag="796" ind1="1" ind2=" ">
         <subfield code="a">Tadmor, Hayim,</subfield>
         <subfield code="e">former owner.</subfield>
      </datafield>
      <datafield tag="796" ind1="1" ind2=" ">
         <subfield code="a">Tadmor, Miriam,</subfield>
         <subfield code="e">former owner.</subfield>
      </datafield>
      <datafield tag="797" ind1="2" ind2=" ">
         <subfield code="a">Tadmor Collection.</subfield>
      </datafield>
      <datafield tag="OWN" ind1=" " ind2=" ">
         <subfield code="a">GENERAL</subfield>
      </datafield>
      <datafield tag="950" ind1=" " ind2=" ">
         <subfield code="l">BStack</subfield>
         <subfield code="a">DS117</subfield>
         <subfield code="b">.V3813</subfield>
         <subfield code="i">01/01/01 N</subfield>
         <subfield code="x">1</subfield>
      </datafield>
      <datafield tag="AVA" ind1=" " ind2=" ">
         <subfield code="a">NYU50</subfield>
         <subfield code="b">BOBST</subfield>
         <subfield code="c">Main Collection</subfield>
         <subfield code="d">DS117 .V3813</subfield>
         <subfield code="e">available</subfield>
         <subfield code="t">Available</subfield>
         <subfield code="f">1</subfield>
         <subfield code="g">0</subfield>
         <subfield code="h">N</subfield>
         <subfield code="i">0</subfield>
         <subfield code="j">MAIN</subfield>
         <subfield code="k">0</subfield>
      </datafield>
      <datafield tag="AVA" ind1=" " ind2=" ">
         <subfield code="a">NYU50</subfield>
         <subfield code="b">NISAW</subfield>
         <subfield code="c">Small Collection</subfield>
         <subfield code="d">DS117 .V3813 1978</subfield>
         <subfield code="e">available</subfield>
         <subfield code="t">Available</subfield>
         <subfield code="f">1</subfield>
         <subfield code="g">0</subfield>
         <subfield code="h">N</subfield>
         <subfield code="i">0</subfield>
         <subfield code="j">SMALL</subfield>
         <subfield code="k">0</subfield>
      </datafield>
      <marc:datafield tag="852" ind1=" " ind2=" ">
         <marc:subfield code="b">Institute for the Study of the Ancient World, </marc:subfield>
         <marc:subfield code="c">Small Collection</marc:subfield>
         <marc:subfield code="e">15 East 84th St., </marc:subfield>
         <marc:subfield code="e">New York, NY  10028</marc:subfield>
      </marc:datafield>
   </record>