
  
  
  
  
  
  
 
  
  <record xsi:schemaLocation="http://www.loc.gov/MARC21/slim http://www.loc.gov/standards/marcxml/schema/MARC21slim.xsd">
      <leader>00000cam  2200385 a 4500</leader>
      <controlfield tag="FMT">BK</controlfield>
      <controlfield tag="LDR">00000cam  2200385 a 4500</controlfield>
      <controlfield tag="001">003457074</controlfield>
      <controlfield tag="003">OCoLC</controlfield>
      <controlfield tag="005">20150223101930.0</controlfield>
      <controlfield tag="008">110603s1857    maua          000 0 eng d</controlfield>
      <datafield tag="035" ind1=" " ind2=" ">
         <subfield code="a">(OCoLC)1425704</subfield>
      </datafield>
      <datafield tag="040" ind1=" " ind2=" ">
         <subfield code="a">BSC</subfield>
         <subfield code="c">BSC</subfield>
         <subfield code="d">OCLCQ</subfield>
         <subfield code="d">OCLCG</subfield>
         <subfield code="d">NHi</subfield>
         <subfield code="e">dcrmb</subfield>
         <subfield code="d">NHi</subfield>
      </datafield>
      <datafield tag="043" ind1=" " ind2=" ">
         <subfield code="a">a-is---</subfield>
         <subfield code="a">f-ua---</subfield>
      </datafield>
      <datafield tag="050" ind1=" " ind2="4">
         <subfield code="a">DS107</subfield>
         <subfield code="b">.R63 1857</subfield>
      </datafield>
      <datafield tag="100" ind1="1" ind2=" ">
         <subfield code="a">Robinson, Edward,</subfield>
         <subfield code="d">1794-1863.</subfield>
      </datafield>
      <datafield tag="245" ind1="1" ind2="0">
         <subfield code="a">Later Biblical researches in Palestine, and in the adjacent regions. :</subfield>
         <subfield code="b">A journal of travels in the year 1852, by E. Robinson, E. Smith, and others. : drawn up from the original diaries, with historical illustrations /</subfield>
         <subfield code="c">by Edward Robinson, D. D. LL.D. professor of biblical literature in the Union Theological Seminary, New York. ; with new maps and plans ...</subfield>
      </datafield>
      <datafield tag="246" ind1="1" ind2="8">
         <subfield code="a">Robinson's Biblical researches in Palestine and in the adjacent regions, 1852, vol. 3</subfield>
      </datafield>
      <datafield tag="250" ind1=" " ind2=" ">
         <subfield code="a">Second edition.</subfield>
      </datafield>
      <datafield tag="260" ind1=" " ind2=" ">
         <subfield code="a">Boston: :</subfield>
         <subfield code="b">Published by Crocker and Brewster, No. 47 Washington Street. ;</subfield>
         <subfield code="a">London-- :</subfield>
         <subfield code="b">John Murray. ;</subfield>
         <subfield code="a">Berlin-- :</subfield>
         <subfield code="b">G. Reimer.,</subfield>
         <subfield code="c">1857.</subfield>
         <subfield code="e">[New York] :</subfield>
         <subfield code="f">John F. Trow, printer, stereotyper, and electrotyper, 377 and 379 Broadway, N. Y.)</subfield>
      </datafield>
      <datafield tag="300" ind1=" " ind2=" ">
         <subfield code="a">xxx, 664 p. :</subfield>
         <subfield code="b">ill. ;</subfield>
         <subfield code="c">24 cm.</subfield>
      </datafield>
      <datafield tag="500" ind1=" " ind2=" ">
         <subfield code="a">Printer statement from verso of t.p.</subfield>
      </datafield>
      <datafield tag="500" ind1=" " ind2=" ">
         <subfield code="a">N-YHS copy: Francis L. Hawks copy; gift of William Niblo, 1867.</subfield>
         <subfield code="5">NHi</subfield>
      </datafield>
      <datafield tag="500" ind1=" " ind2=" ">
         <subfield code="a">ISAW copy is from the library of Hayim and Miriam Tadmor.</subfield>
         <subfield code="5">NNU</subfield>
      </datafield>
      <datafield tag="651" ind1=" " ind2="0">
         <subfield code="a">Palestine</subfield>
         <subfield code="x">Description and travel.</subfield>
      </datafield>
      <datafield tag="651" ind1=" " ind2="0">
         <subfield code="a">Sinai (Egypt)</subfield>
         <subfield code="x">Description and travel.</subfield>
      </datafield>
      <datafield tag="651" ind1=" " ind2="0">
         <subfield code="a">Palestine</subfield>
         <subfield code="x">Antiquities.</subfield>
      </datafield>
      <datafield tag="651" ind1=" " ind2="0">
         <subfield code="a">Sinai (Egypt)</subfield>
         <subfield code="x">Antiquities.</subfield>
      </datafield>
      <datafield tag="630" ind1="0" ind2="0">
         <subfield code="a">Bible</subfield>
         <subfield code="x">Geography.</subfield>
      </datafield>
      <datafield tag="700" ind1="1" ind2=" ">
         <subfield code="a">Smith, Eli,</subfield>
         <subfield code="d">1801-1857.</subfield>
      </datafield>
      <datafield tag="700" ind1="1" ind2=" ">
         <subfield code="a">Kiepert, Heinrich,</subfield>
         <subfield code="d">1818-1899.</subfield>
      </datafield>
      <datafield tag="710" ind1="2" ind2=" ">
         <subfield code="a">Crocker &amp; Brewster</subfield>
         <subfield code="e">publisher.</subfield>
      </datafield>
      <datafield tag="700" ind1="1" ind2=" ">
         <subfield code="a">Murray, John,</subfield>
         <subfield code="d">1808-1892</subfield>
         <subfield code="e">publisher.</subfield>
      </datafield>
      <datafield tag="700" ind1="1" ind2=" ">
         <subfield code="a">Reimer, Georg Ernst,</subfield>
         <subfield code="d">1804-1885</subfield>
         <subfield code="e">publisher.</subfield>
      </datafield>
      <datafield tag="700" ind1="1" ind2=" ">
         <subfield code="a">Trow, John Fowler,</subfield>
         <subfield code="d">1810-1886</subfield>
         <subfield code="e">printer.</subfield>
      </datafield>
      <datafield tag="700" ind1="1" ind2=" ">
         <subfield code="a">Hawks, Francis L.</subfield>
         <subfield code="q">(Francis Lister),</subfield>
         <subfield code="d">1798-1866</subfield>
         <subfield code="e">former owner.</subfield>
         <subfield code="5">NHi</subfield>
      </datafield>
      <datafield tag="700" ind1="1" ind2=" ">
         <subfield code="a">Niblo, William,</subfield>
         <subfield code="e">donor.</subfield>
         <subfield code="5">NHi</subfield>
      </datafield>
      <datafield tag="710" ind1="2" ind2=" ">
         <subfield code="a">Hawks-Niblo Collection.</subfield>
         <subfield code="5">NHi</subfield>
      </datafield>
      <datafield tag="752" ind1=" " ind2=" ">
         <subfield code="a">United States</subfield>
         <subfield code="b">Massachusetts</subfield>
         <subfield code="d">Boston.</subfield>
      </datafield>
      <datafield tag="752" ind1=" " ind2=" ">
         <subfield code="a">Great Britain</subfield>
         <subfield code="b">England</subfield>
         <subfield code="d">London.</subfield>
      </datafield>
      <datafield tag="752" ind1=" " ind2=" ">
         <subfield code="a">Germany</subfield>
         <subfield code="d">Berlin.</subfield>
      </datafield>
      <datafield tag="752" ind1=" " ind2=" ">
         <subfield code="a">United States</subfield>
         <subfield code="b">New York</subfield>
         <subfield code="d">New York.</subfield>
      </datafield>
      <datafield tag="796" ind1="1" ind2=" ">
         <subfield code="a">Tadmor, Hayim,</subfield>
         <subfield code="e">former owner.</subfield>
      </datafield>
      <datafield tag="796" ind1="1" ind2=" ">
         <subfield code="a">Tadmor, Miriam,</subfield>
         <subfield code="e">former owner.</subfield>
      </datafield>
      <datafield tag="797" ind1="2" ind2=" ">
         <subfield code="a">Tadmor Collection.</subfield>
      </datafield>
      <datafield tag="OWN" ind1=" " ind2=" ">
         <subfield code="a">GENERAL</subfield>
      </datafield>
      <datafield tag="AVA" ind1=" " ind2=" ">
         <subfield code="a">NYU50</subfield>
         <subfield code="b">NISAW</subfield>
         <subfield code="c">Small Collection</subfield>
         <subfield code="d">DS107 .R63 1857</subfield>
         <subfield code="e">available</subfield>
         <subfield code="t">Available</subfield>
         <subfield code="f">1</subfield>
         <subfield code="g">0</subfield>
         <subfield code="h">N</subfield>
         <subfield code="i">0</subfield>
         <subfield code="j">SMALL</subfield>
         <subfield code="k">0</subfield>
      </datafield>
      <marc:datafield tag="852" ind1=" " ind2=" ">
         <marc:subfield code="b">Institute for the Study of the Ancient World, </marc:subfield>
         <marc:subfield code="c">Small Collection</marc:subfield>
         <marc:subfield code="e">15 East 84th St., </marc:subfield>
         <marc:subfield code="e">New York, NY  10028</marc:subfield>
      </marc:datafield>
      <datafield tag="AVA" ind1=" " ind2=" ">
         <subfield code="a">NYU50</subfield>
         <subfield code="b">NYHS</subfield>
         <subfield code="c">Hawks-Niblo Collection</subfield>
         <subfield code="d">DS107 .R63 1857 Non-circulating</subfield>
         <subfield code="e">available</subfield>
         <subfield code="t">Available</subfield>
         <subfield code="f">1</subfield>
         <subfield code="g">0</subfield>
         <subfield code="h">N</subfield>
         <subfield code="i">0</subfield>
         <subfield code="j">HAWKS</subfield>
         <subfield code="k">0</subfield>
      </datafield>
   </record>