
  
  
  
  
  
  
 
  
  <record xsi:schemaLocation="http://www.loc.gov/MARC21/slim http://www.loc.gov/standards/marcxml/schema/MARC21slim.xsd">
      <leader>00000cam  2200661 i 4500</leader>
      <controlfield tag="FMT">BK</controlfield>
      <controlfield tag="LDR">00000cam  2200661 i 4500</controlfield>
      <controlfield tag="001">004107833</controlfield>
      <controlfield tag="003">OCoLC</controlfield>
      <controlfield tag="005">20150226091043.0</controlfield>
      <controlfield tag="008">150225t19811980nyuabe   b    001 0 eng</controlfield>
      <datafield tag="010" ind1=" " ind2=" ">
         <subfield code="a">77080898</subfield>
      </datafield>
      <datafield tag="020" ind1=" " ind2=" ">
         <subfield code="a">0385129041</subfield>
      </datafield>
      <datafield tag="020" ind1=" " ind2=" ">
         <subfield code="a">9780385129046</subfield>
      </datafield>
      <datafield tag="035" ind1=" " ind2=" ">
         <subfield code="a">(OCoLC)6861477</subfield>
         <subfield code="z">(OCoLC)7154734</subfield>
      </datafield>
      <datafield tag="040" ind1=" " ind2=" ">
         <subfield code="a">DLC</subfield>
         <subfield code="b">eng</subfield>
         <subfield code="c">DLC</subfield>
         <subfield code="d">BTCTA</subfield>
         <subfield code="d">LVB</subfield>
         <subfield code="d">EDX</subfield>
         <subfield code="d">OCLCF</subfield>
         <subfield code="d">OCLCQ</subfield>
         <subfield code="d">MXL</subfield>
         <subfield code="d">OCL</subfield>
         <subfield code="d">NNU</subfield>
      </datafield>
      <datafield tag="041" ind1="1" ind2=" ">
         <subfield code="a">eng</subfield>
         <subfield code="h">ita</subfield>
      </datafield>
      <datafield tag="043" ind1=" " ind2=" ">
         <subfield code="a">a-sy---</subfield>
      </datafield>
      <datafield tag="050" ind1="0" ind2="0">
         <subfield code="a">DS99.E25</subfield>
         <subfield code="b">M3713 1981</subfield>
      </datafield>
      <datafield tag="082" ind1="0" ind2="0">
         <subfield code="a">939/.4</subfield>
         <subfield code="2">19</subfield>
      </datafield>
      <datafield tag="100" ind1="1" ind2=" ">
         <subfield code="a">Matthiae, Paolo.</subfield>
      </datafield>
      <datafield tag="240" ind1="1" ind2="0">
         <subfield code="a">Ebla.</subfield>
         <subfield code="l">English</subfield>
      </datafield>
      <datafield tag="245" ind1="1" ind2="0">
         <subfield code="a">Ebla :</subfield>
         <subfield code="b">an empire rediscovered /</subfield>
         <subfield code="c">Paolo Matthiae ; translated by Christopher Holme.</subfield>
      </datafield>
      <datafield tag="260" ind1=" " ind2=" ">
         <subfield code="a">Garden City, N.Y. :</subfield>
         <subfield code="b">Doubleday,</subfield>
         <subfield code="c">1981, ©1980.</subfield>
      </datafield>
      <datafield tag="300" ind1=" " ind2=" ">
         <subfield code="a">237 pages :</subfield>
         <subfield code="b">illustrations, maps, plans ;</subfield>
         <subfield code="c">24 cm</subfield>
      </datafield>
      <datafield tag="336" ind1=" " ind2=" ">
         <subfield code="a">text</subfield>
         <subfield code="b">txt</subfield>
         <subfield code="2">rdacontent</subfield>
      </datafield>
      <datafield tag="337" ind1=" " ind2=" ">
         <subfield code="a">unmediated</subfield>
         <subfield code="b">n</subfield>
         <subfield code="2">rdamedia</subfield>
      </datafield>
      <datafield tag="338" ind1=" " ind2=" ">
         <subfield code="a">volume</subfield>
         <subfield code="b">nc</subfield>
         <subfield code="2">rdacarrier</subfield>
      </datafield>
      <datafield tag="500" ind1=" " ind2=" ">
         <subfield code="a">Translation of: Ebla.</subfield>
      </datafield>
      <datafield tag="500" ind1=" " ind2=" ">
         <subfield code="a">ISAW copy is from the library of Hayim and Miriam Tadmor.</subfield>
         <subfield code="5">NNU</subfield>
      </datafield>
      <datafield tag="504" ind1=" " ind2=" ">
         <subfield code="a">Includes bibliographical references (pages 230-232) and index.</subfield>
      </datafield>
      <datafield tag="505" ind1="0" ind2=" ">
         <subfield code="a">1. Archaeological research in Syria and the historical problem of Prehellenistic Western Asia -- The beginnings of archaeological exploration in Syria: the recovery of the 'neo-Hittite' culture and art of the first millennium B.C. -- Excavations between the wars: the fundamental aspects of the Old Syrian and Middle Syrian cultures of the second millennium B.C. -- Exploration today: light on the formation of urban culture in Syria at the end of the fourth and during the third millennium B.C. -- 2. The Tell Mardikh excavations and the rebirth of Ebla -- Fundamentals and prospects of the excavations -- The archaeological investigation of the site -- History of the settlements -- The identification of Ebla -- 3. Ebla in the mature and late Protosyrian periods (c. 2400-2000 B.C.) -- Mardikh IIB1 (c. 2400-2250 B.C.) -- Architecture -- small sculpture -- glyptics -- wooden carvings -- fragments of inlay -- pottery -- Mardikh IIB2 (c. 2250-2000 B.C.) --</subfield>
      </datafield>
      <datafield tag="505" ind1="0" ind2=" ">
         <subfield code="a">4. Ebla in the Archaic and Mature Old Syrian Periods (c. 2000-1600 B.C.) -- The city plan -- Architecture -- Sculpture -- Glyptics -- Pottery -- 5. History and culture of Ebla int he period of the state archives -- The discovery of the archives -- The language of the archives -- Elements of political history -- The economic structure in outline -- Features of the organisation of the state -- Aspects of religious life -- 6. The Eblaite culture and the foundations of artistic and architectural civilisation in Prehellenistic Syria -- The art of Protosyrian Ebla and the Early Dynastic culture of Mesopotamia -- The Old Syrian architecture of Ebla and the tradition of Aramaean Syria -- The artistic civilisation of Ebla and the problem of the transmssion of the Syrian figurative legacy -- 7. The significance of Tell Mardikh-Ebla for the history of civilisation in the Ancient Near East -- Urban culture from Sumer to Ebla --</subfield>
         <subfield code="9"/>
      </datafield>
      <datafield tag="505" ind1="0" ind2=" ">
         <subfield code="a">Value and originality of the Eblaite culture of the third millennium -- The rebirth of Ebla and its meaning for the history of Ancient Western Asia.</subfield>
         <subfield code="9"/>
      </datafield>
      <datafield tag="651" ind1=" " ind2="0">
         <subfield code="a">Ebla (Extinct city)</subfield>
      </datafield>
      <datafield tag="651" ind1=" " ind2="6">
         <subfield code="a">Ebla (Ville ancienne)</subfield>
      </datafield>
      <datafield tag="651" ind1=" " ind2="7">
         <subfield code="a">Syria</subfield>
         <subfield code="z">Ebla (Extinct city)</subfield>
         <subfield code="2">fast</subfield>
         <subfield code="0">(OCoLC)fst01896913</subfield>
      </datafield>
      <datafield tag="796" ind1="1" ind2=" ">
         <subfield code="a">Tadmor, Hayim,</subfield>
         <subfield code="e">former owner.</subfield>
      </datafield>
      <datafield tag="796" ind1="1" ind2=" ">
         <subfield code="a">Tadmor, Miriam,</subfield>
         <subfield code="e">former owner.</subfield>
      </datafield>
      <datafield tag="797" ind1="2" ind2=" ">
         <subfield code="a">Tadmor Collection.</subfield>
      </datafield>
      <datafield tag="994" ind1=" " ind2=" ">
         <subfield code="a">Z0</subfield>
         <subfield code="b">ZYU</subfield>
      </datafield>
      <datafield tag="OWN" ind1=" " ind2=" ">
         <subfield code="a">GENERAL</subfield>
      </datafield>
      <datafield tag="AVA" ind1=" " ind2=" ">
         <subfield code="a">NYU50</subfield>
         <subfield code="b">NISAW</subfield>
         <subfield code="c">Small Collection</subfield>
         <subfield code="d">DS99.E25 M3713 1981</subfield>
         <subfield code="e">available</subfield>
         <subfield code="t">Available</subfield>
         <subfield code="f">1</subfield>
         <subfield code="g">0</subfield>
         <subfield code="h">N</subfield>
         <subfield code="i">0</subfield>
         <subfield code="j">SMALL</subfield>
         <subfield code="k">0</subfield>
      </datafield>
      <marc:datafield tag="852" ind1=" " ind2=" ">
         <marc:subfield code="b">Institute for the Study of the Ancient World, </marc:subfield>
         <marc:subfield code="c">Small Collection</marc:subfield>
         <marc:subfield code="e">15 East 84th St., </marc:subfield>
         <marc:subfield code="e">New York, NY  10028</marc:subfield>
      </marc:datafield>
   </record>