
  
  
  
  
  
  
  
 
  
  <record xsi:schemaLocation="http://www.loc.gov/MARC21/slim http://www.loc.gov/standards/marcxml/schema/MARC21slim.xsd">
      <leader>00000cam  2200565 a 4500</leader>
      <controlfield tag="FMT">BK</controlfield>
      <controlfield tag="LDR">00000cam  2200565 a 4500</controlfield>
      <controlfield tag="001">001935378</controlfield>
      <controlfield tag="003">OCoLC</controlfield>
      <controlfield tag="005">20150225152734.0</controlfield>
      <controlfield tag="008">910408r19901954enkaf    b    001 0 eng</controlfield>
      <datafield tag="010" ind1=" " ind2=" ">
         <subfield code="a">91138238</subfield>
      </datafield>
      <datafield tag="020" ind1=" " ind2=" ">
         <subfield code="a">0140126015</subfield>
      </datafield>
      <datafield tag="020" ind1=" " ind2=" ">
         <subfield code="a">9780140126013</subfield>
      </datafield>
      <datafield tag="035" ind1=" " ind2=" ">
         <subfield code="a">(OCoLC)24011272</subfield>
         <subfield code="z">(OCoLC)23534615</subfield>
      </datafield>
      <datafield tag="040" ind1=" " ind2=" ">
         <subfield code="a">DLC</subfield>
         <subfield code="b">eng</subfield>
         <subfield code="c">DLC</subfield>
         <subfield code="d">NLGGC</subfield>
         <subfield code="d">BTCTA</subfield>
         <subfield code="d">BAKER</subfield>
         <subfield code="d">YDXCP</subfield>
         <subfield code="d">EDK</subfield>
         <subfield code="d">OCLCF</subfield>
         <subfield code="d">OCLCQ</subfield>
         <subfield code="d">NNU</subfield>
      </datafield>
      <datafield tag="043" ind1=" " ind2=" ">
         <subfield code="a">a-tu---</subfield>
      </datafield>
      <datafield tag="050" ind1="0" ind2="0">
         <subfield code="a">DS66</subfield>
         <subfield code="b">.G8 1990</subfield>
      </datafield>
      <datafield tag="082" ind1="0" ind2="0">
         <subfield code="a">939/.2</subfield>
         <subfield code="2">20</subfield>
      </datafield>
      <datafield tag="084" ind1=" " ind2=" ">
         <subfield code="a">15.75</subfield>
         <subfield code="2">bcl</subfield>
      </datafield>
      <datafield tag="100" ind1="1" ind2=" ">
         <subfield code="a">Gurney, O. R.</subfield>
         <subfield code="q">(Oliver Robert),</subfield>
         <subfield code="d">1911-2001.</subfield>
      </datafield>
      <datafield tag="245" ind1="1" ind2="4">
         <subfield code="a">The Hittites /</subfield>
         <subfield code="c">O.R. Gurney.</subfield>
      </datafield>
      <datafield tag="250" ind1=" " ind2=" ">
         <subfield code="a">2nd ed., reprinted with revisions.</subfield>
      </datafield>
      <datafield tag="260" ind1=" " ind2=" ">
         <subfield code="a">London, England ;</subfield>
         <subfield code="a">New York, NY, USA :</subfield>
         <subfield code="b">Penguin Books,</subfield>
         <subfield code="c">1990.</subfield>
      </datafield>
      <datafield tag="300" ind1=" " ind2=" ">
         <subfield code="a">ix, 214 pages, 32 pages of plates :</subfield>
         <subfield code="b">illustrations ;</subfield>
         <subfield code="c">20 cm</subfield>
      </datafield>
      <datafield tag="336" ind1=" " ind2=" ">
         <subfield code="a">text</subfield>
         <subfield code="b">txt</subfield>
         <subfield code="2">rdacontent</subfield>
      </datafield>
      <datafield tag="337" ind1=" " ind2=" ">
         <subfield code="a">unmediated</subfield>
         <subfield code="b">n</subfield>
         <subfield code="2">rdamedia</subfield>
      </datafield>
      <datafield tag="338" ind1=" " ind2=" ">
         <subfield code="a">volume</subfield>
         <subfield code="b">nc</subfield>
         <subfield code="2">rdacarrier</subfield>
      </datafield>
      <datafield tag="500" ind1=" " ind2=" ">
         <subfield code="a">Originally published: 1954.</subfield>
      </datafield>
      <datafield tag="504" ind1=" " ind2=" ">
         <subfield code="a">Includes bibliographical references (pages 183-203) and index.</subfield>
      </datafield>
      <datafield tag="505" ind1="0" ind2=" ">
         <subfield code="a">Foreword to first edition -- Note on the spelling of proper names -- Introduction: Discovery of the Hittites: -- Outline Of History: -- Earliest period -- Old Kingdom -- Empire -- Neo-Hittite Kingdoms -- Achaeans and Trojans in the Hittite texts -- Hittites in Palestine -- Hittite State And Society: -- King -- Queen -- Social classes -- Government -- Foreign policy -- Life And Economy: -- Law And Institutions: -- Laws -- Courts -- Retribution and restitution -- Collective responsibility -- Marriage and the family -- Land tenure -- Warfare: -- Army -- Military operations -- Defence -- Laws of war -- Languages And Races: -- Written languages -- Hittite -- Proto-Hittite or Hattian -- Luwian -- Palaic -- Hurrian -- Aryan language of the rulers of Mitanni -- Akkadian -- Sumerian -- Hieroglyphic Hittite -- Spoken languages -- Religion: -- General remarks -- Local cults -- State religion -- Temples, cults, and festivals -- Theology and divination -- Magic -- Burial customs -- Literature: -- Official literature -- Myth, legend, and romance -- Art: -- Conclusion -- Table of Hittite Kings -- Select bibliography -- Index.</subfield>
      </datafield>
      <datafield tag="520" ind1=" " ind2=" ">
         <subfield code="a">From Books Back Cover: The rediscovery of the ancient empire of the Hittites has been a major achievement of the last hundred years. Known from the Old Testament as one of the tribes occupying the Promised Land, the Hittites were in reality a powerful neighboring kingdom: highly advanced in political organization, administration of justice and military genius; with a literature inscribed in cuneiform writing on clay tablets; and with a rugged and individual figurative art, to be seen on stone monuments and on scattered rock faces in isolated areas. Newly revised and updated, this classic account reconstructs, in fascinating detail, a complete and balanced picture of Hittite civilization, using both established and more recent sources.</subfield>
      </datafield>
      <datafield tag="650" ind1=" " ind2="0">
         <subfield code="a">Hittites.</subfield>
      </datafield>
      <datafield tag="650" ind1=" " ind2="7">
         <subfield code="a">Hittites.</subfield>
         <subfield code="2">fast</subfield>
         <subfield code="0">(OCoLC)fst00958415</subfield>
      </datafield>
      <datafield tag="650" ind1="1" ind2="7">
         <subfield code="a">Hettieten.</subfield>
         <subfield code="2">gtt</subfield>
      </datafield>
      <datafield tag="776" ind1="0" ind2="8">
         <subfield code="i">Online version:</subfield>
         <subfield code="a">Gurney, O.R. (Oliver Robert), 1911-</subfield>
         <subfield code="t">Hittites.</subfield>
         <subfield code="b">2nd ed., reprinted with revisions.</subfield>
         <subfield code="d">London, England ; New York, N.Y., USA : Penguin Books, 1990</subfield>
         <subfield code="w">(OCoLC)637032913</subfield>
      </datafield>
      <datafield tag="OWN" ind1=" " ind2=" ">
         <subfield code="a">GENERAL</subfield>
      </datafield>
      <datafield tag="950" ind1=" " ind2=" ">
         <subfield code="l">BMAIN</subfield>
         <subfield code="a">DS66</subfield>
         <subfield code="b">.G88 1990</subfield>
         <subfield code="i">06/13/91 C</subfield>
      </datafield>
      <datafield tag="955" ind1=" " ind2=" ">
         <subfield code="l">BMAIN</subfield>
         <subfield code="c">1</subfield>
         <subfield code="q">91-B30691-1</subfield>
         <subfield code="r">015554994</subfield>
         <subfield code="i">06/13/91 C</subfield>
      </datafield>
      <datafield tag="998" ind1=" " ind2=" ">
         <subfield code="a">06/13/91</subfield>
         <subfield code="t">b</subfield>
         <subfield code="s">9116</subfield>
         <subfield code="n">NNU</subfield>
         <subfield code="w">CLPG91B8590</subfield>
         <subfield code="d">06/04/91</subfield>
         <subfield code="b">AB</subfield>
         <subfield code="i">910613</subfield>
         <subfield code="l">NYUG</subfield>
      </datafield>
      <datafield tag="AVA" ind1=" " ind2=" ">
         <subfield code="a">NYU50</subfield>
         <subfield code="b">BOBST</subfield>
         <subfield code="c">Main Collection</subfield>
         <subfield code="d">DS66 .G88 1990</subfield>
         <subfield code="e">unavailable</subfield>
         <subfield code="t">Unavailable</subfield>
         <subfield code="f">1</subfield>
         <subfield code="g">1</subfield>
         <subfield code="h">N</subfield>
         <subfield code="i">5</subfield>
         <subfield code="j">MAIN</subfield>
         <subfield code="k">0</subfield>
      </datafield>
      <datafield tag="AVA" ind1=" " ind2=" ">
         <subfield code="a">NYU50</subfield>
         <subfield code="b">NISAW</subfield>
         <subfield code="c">Small Collection</subfield>
         <subfield code="d">DS66 .G8 1990</subfield>
         <subfield code="e">available</subfield>
         <subfield code="t">Available</subfield>
         <subfield code="f">1</subfield>
         <subfield code="g">0</subfield>
         <subfield code="h">N</subfield>
         <subfield code="i">0</subfield>
         <subfield code="j">SMALL</subfield>
         <subfield code="k">0</subfield>
      </datafield>
      <marc:datafield tag="852" ind1=" " ind2=" ">
         <marc:subfield code="b">Institute for the Study of the Ancient World, </marc:subfield>
         <marc:subfield code="c">Small Collection</marc:subfield>
         <marc:subfield code="e">15 East 84th St., </marc:subfield>
         <marc:subfield code="e">New York, NY  10028</marc:subfield>
      </marc:datafield>
   </record>