
  
  
  
  
  
  
 
  
  <record xsi:schemaLocation="http://www.loc.gov/MARC21/slim http://www.loc.gov/standards/marcxml/schema/MARC21slim.xsd">
      <leader>00000cam  2200481 i 4500</leader>
      <controlfield tag="FMT">BK</controlfield>
      <controlfield tag="LDR">00000cam  2200481 i 4500</controlfield>
      <controlfield tag="001">004107870</controlfield>
      <controlfield tag="003">OCoLC</controlfield>
      <controlfield tag="005">20150226135229.0</controlfield>
      <controlfield tag="008">150225s2014    ii ab    b   a100 0 eng d</controlfield>
      <datafield tag="010" ind1=" " ind2=" ">
         <subfield code="a">2014360219</subfield>
      </datafield>
      <datafield tag="020" ind1=" " ind2=" ">
         <subfield code="a">9788173055287</subfield>
      </datafield>
      <datafield tag="020" ind1=" " ind2=" ">
         <subfield code="a">8173055289</subfield>
      </datafield>
      <datafield tag="035" ind1=" " ind2=" ">
         <subfield code="a">(OCoLC)890971095</subfield>
      </datafield>
      <datafield tag="037" ind1=" " ind2=" ">
         <subfield code="b">Library of Congress -- New Delhi Overseas Office</subfield>
      </datafield>
      <datafield tag="040" ind1=" " ind2=" ">
         <subfield code="a">DKAGE</subfield>
         <subfield code="b">eng</subfield>
         <subfield code="e">rda</subfield>
         <subfield code="c">DKAGE</subfield>
         <subfield code="d">OCLCO</subfield>
         <subfield code="d">DLC</subfield>
         <subfield code="d">NNU</subfield>
      </datafield>
      <datafield tag="043" ind1=" " ind2=" ">
         <subfield code="a">a------</subfield>
         <subfield code="a">ac-----</subfield>
         <subfield code="a">a-ii---</subfield>
      </datafield>
      <datafield tag="050" ind1=" " ind2="4">
         <subfield code="a">HE326</subfield>
         <subfield code="b">.I584 2008</subfield>
      </datafield>
      <datafield tag="082" ind1="0" ind2="4">
         <subfield code="a">382.095</subfield>
         <subfield code="2">23</subfield>
      </datafield>
      <datafield tag="090" ind1=" " ind2=" ">
         <subfield code="a">DS33.1</subfield>
         <subfield code="b">.I58 2008</subfield>
      </datafield>
      <datafield tag="111" ind1="2" ind2=" ">
         <subfield code="a">International Seminar on "Cities, Roads and Caravansarais--an Emblem of Relations through the Ages"</subfield>
         <subfield code="d">(2008 :</subfield>
         <subfield code="c">Indira Gandhi National Centre for the Arts)</subfield>
      </datafield>
      <datafield tag="245" ind1="1" ind2="4">
         <subfield code="a">The silk road :</subfield>
         <subfield code="b">trade, caravan serais, cultural exchanges and power games /</subfield>
         <subfield code="c">edited by Mansura Haidar.</subfield>
      </datafield>
      <datafield tag="264" ind1=" " ind2="1">
         <subfield code="a">New Delhi :</subfield>
         <subfield code="b">Indira Gandhi National Centre for the Arts :</subfield>
         <subfield code="b">Aryan Books International,</subfield>
         <subfield code="c">2014.</subfield>
      </datafield>
      <datafield tag="300" ind1=" " ind2=" ">
         <subfield code="a">xxv, 329 pages :</subfield>
         <subfield code="b">illustrations (black and white), maps (black and white) ;</subfield>
         <subfield code="c">29 cm</subfield>
      </datafield>
      <datafield tag="336" ind1=" " ind2=" ">
         <subfield code="a">text</subfield>
         <subfield code="2">rdacontent</subfield>
      </datafield>
      <datafield tag="337" ind1=" " ind2=" ">
         <subfield code="a">unmediated</subfield>
         <subfield code="2">rdamedia</subfield>
      </datafield>
      <datafield tag="338" ind1=" " ind2=" ">
         <subfield code="a">volume</subfield>
         <subfield code="2">rdacarrier</subfield>
      </datafield>
      <datafield tag="504" ind1=" " ind2=" ">
         <subfield code="a">Includes bibliographical references.</subfield>
      </datafield>
      <datafield tag="505" ind1="0" ind2="0">
         <subfield code="g">Section-I.</subfield>
         <subfield code="t">Great Silk Road, caravan serais, and trade routes.</subfield>
         <subfield code="t">Silk Route /</subfield>
         <subfield code="r">Pant, Chandra --</subfield>
         <subfield code="t">Silk Route and historical memory of Central Asian people /</subfield>
         <subfield code="r">Mazhitov, Sattar F. --</subfield>
         <subfield code="t">Silk Route and the history of polyconfessionality formation in Kazakhstan /</subfield>
         <subfield code="r">Derbisali, Absattar Hadji --</subfield>
         <subfield code="t">Some early travellers of the Silk Road /</subfield>
         <subfield code="r">Chaudhuri, Saroj Kumar --</subfield>
         <subfield code="t">Routes between India and Central Asia (16th-17th century) /</subfield>
         <subfield code="r">Musoev, Shoh Niyoz --</subfield>
         <subfield code="t">Tashkent on the crossroads of the great Silk Road /</subfield>
         <subfield code="r">Alimova, D.A. --</subfield>
         <subfield code="t">Most ancient city of Kyrgyzstan Osh in the sisteme of the great Silk Road /</subfield>
         <subfield code="r">Zaharova, Antonina --</subfield>
         <subfield code="t">Reviving Indo-Central Asian Silk Route links through Kashmir /</subfield>
         <subfield code="r">Kaw, Mushtaq A. --</subfield>
         <subfield code="t">Indian caravan serais /</subfield>
         <subfield code="r">Lebigre, Pierre --</subfield>
         <subfield code="t">Caravan serais in Mughal India /</subfield>
         <subfield code="r">Muhammed, K.K. --</subfield>
         <subfield code="t">Some problems of the history of Uzbekistan’s caravan serais (first half of the 17th-19th century) /</subfield>
         <subfield code="r">Agzamovna, Gul’chehra Azizovna --</subfield>
         <subfield code="t">Silk Road and the role of the caravan serais on the trade and social life : main roads connecting to the Silk Road—case of mid-Anatolia /</subfield>
         <subfield code="r">Hülagü, M. Metin --</subfield>
         <subfield code="r">Bolat, Gökhan.</subfield>
         <subfield code="g">Section-II.</subfield>
         <subfield code="t">Ancient traditions, art and culture.</subfield>
         <subfield code="t">Horse on Silk Road and in Kyrgyz traditional culture /</subfield>
         <subfield code="r">Akmoldoeva, Bubuira --</subfield>
         <subfield code="t">Costume jewellery in the Turkish society of South Siberia as delivered through the Silk Road during the Middle Ages /</subfield>
         <subfield code="r">Khudyakov, Y.S. --</subfield>
         <subfield code="r">Belinskaya, K.Y. --</subfield>
         <subfield code="t">Ancient and medieval Lebap (the Amudarja Basin within Turkmenistan borders) on the great Silk Route /</subfield>
         <subfield code="r">Burkhanov, A.A. --</subfield>
         <subfield code="t">History, language and culture of the Balochs in Central Asia /</subfield>
         <subfield code="r">Badini, Yar Muhammad --</subfield>
         <subfield code="t">Cultural and literary interactions between India and Uzbekistan /</subfield>
         <subfield code="r">Rais, Qamar --</subfield>
         <subfield code="t">Function of religion and culture in relations between Turkey and Central Asia /</subfield>
         <subfield code="r">Birgül, Davut --</subfield>
      </datafield>
      <datafield tag="505" ind1="8" ind2="0">
         <subfield code="t">Exchanges in the science of music as depicted in a rare source on Ajam and Indian music /</subfield>
         <subfield code="r">Rajabov, Askarali --</subfield>
         <subfield code="t">Adab literature or the case of ’Abd Allâh Ibn al-Muqaffa’’s Works /</subfield>
         <subfield code="r">Rayhanova, Baian --</subfield>
         <subfield code="t">India : the common chain in the spiritual life in the works of Nicholas Roerich and Boris Georgiev /</subfield>
         <subfield code="r">Ivanova, Blagovesta --</subfield>
         <subfield code="t">Historical Relationship between the Shawls of Gurin and Iran /</subfield>
         <subfield code="r">Imir.</subfield>
         <subfield code="g">Section-III.</subfield>
         <subfield code="t">Tussle for power : reforms, politics, modernization.</subfield>
         <subfield code="t">Battle of Ankara : an evaluation of Bayezid’s political and strategic mistakes in the rout of Ankara in AD 1404 /</subfield>
         <subfield code="r">Demirci, Süleyman --</subfield>
         <subfield code="t">Sufis as mediators between India and Bukhara after 1647 /</subfield>
         <subfield code="r">Burton, Audrey --</subfield>
         <subfield code="t">Exchanges and interactions in the political and commercial spheres between Bukhara and India and other countries (during the first half of 17th century to mid-18th century) /</subfield>
         <subfield code="r">Saidov, Abdukahar --</subfield>
         <subfield code="t">Central Asian nomads and eastern Turkestan cities in 16th-18th centuries /</subfield>
         <subfield code="r">Mokeev, Anvarbek --</subfield>
         <subfield code="t">Messenger Services in the Mongol Empire /</subfield>
         <subfield code="r">Makhdumi, Mohd. Rafiuddin --</subfield>
         <subfield code="t">Ethnic Turks in Tajikistan and Afghanistan /</subfield>
         <subfield code="r">Pandita, Kashinath --</subfield>
         <subfield code="t">Alexander the Great, the Sakas and Timur in the new cultures of independence of the Central Asian countries /</subfield>
         <subfield code="r">Fourniau, Vincent --</subfield>
         <subfield code="t">Constitutionalism beyond frontier from Calcutta to Tehran en route Bukhara /</subfield>
         <subfield code="r">Atabaki, Touraj --</subfield>
         <subfield code="t">Malaya’s response to the rise of Kemal and the creation of modern Turkey /</subfield>
         <subfield code="r">Redzwan, Md. --</subfield>
         <subfield code="t">Pakistan and the new great game /</subfield>
         <subfield code="r">Khan, Azmat Hayat.</subfield>
      </datafield>
      <datafield tag="520" ind1=" " ind2=" ">
         <subfield code="a">Papers presented at the International Seminar on "Cities, Roads and Caravansarais--an Emblem of Relations through the Ages", organized by Indira Gandhi National Centre for the Arts during 8-12 January 2008.</subfield>
      </datafield>
      <datafield tag="651" ind1=" " ind2="0">
         <subfield code="a">Silk Road</subfield>
         <subfield code="v">Congresses.</subfield>
      </datafield>
      <datafield tag="650" ind1=" " ind2="0">
         <subfield code="a">Trade routes</subfield>
         <subfield code="z">Asia</subfield>
         <subfield code="x">History</subfield>
         <subfield code="v">Congresses.</subfield>
      </datafield>
      <datafield tag="651" ind1=" " ind2="0">
         <subfield code="a">Asia, Central</subfield>
         <subfield code="x">Relations</subfield>
         <subfield code="z">India</subfield>
         <subfield code="v">Congresses.</subfield>
      </datafield>
      <datafield tag="651" ind1=" " ind2="0">
         <subfield code="a">India</subfield>
         <subfield code="x">Relations</subfield>
         <subfield code="z">Asia, Central</subfield>
         <subfield code="v">Congresses.</subfield>
      </datafield>
      <datafield tag="700" ind1="1" ind2=" ">
         <subfield code="a">Haidar, Mansura</subfield>
         <subfield code="e">editor of compilation.</subfield>
      </datafield>
      <datafield tag="710" ind1="2" ind2=" ">
         <subfield code="a">Indira Gandhi National Centre for the Arts</subfield>
         <subfield code="e">publisher.</subfield>
      </datafield>
      <datafield tag="994" ind1=" " ind2=" ">
         <subfield code="a">Z0</subfield>
         <subfield code="b">ZYU</subfield>
      </datafield>
      <datafield tag="OWN" ind1=" " ind2=" ">
         <subfield code="a">GENERAL</subfield>
      </datafield>
      <datafield tag="AVA" ind1=" " ind2=" ">
         <subfield code="a">NYU50</subfield>
         <subfield code="b">NISAW</subfield>
         <subfield code="c">Large Collection</subfield>
         <subfield code="d">DS33.1 .I58 2008</subfield>
         <subfield code="e">available</subfield>
         <subfield code="t">Available</subfield>
         <subfield code="f">1</subfield>
         <subfield code="g">0</subfield>
         <subfield code="h">N</subfield>
         <subfield code="i">0</subfield>
         <subfield code="j">LARGE</subfield>
         <subfield code="k">0</subfield>
      </datafield>
      <marc:datafield tag="852" ind1=" " ind2=" ">
         <marc:subfield code="b">Institute for the Study of the Ancient World, </marc:subfield>
         <marc:subfield code="c">Large Collection</marc:subfield>
         <marc:subfield code="e">15 East 84th St., </marc:subfield>
         <marc:subfield code="e">New York, NY  10028</marc:subfield>
      </marc:datafield>
   </record>