
  
  
  
  
  
  
 
  
  <record xsi:schemaLocation="http://www.loc.gov/MARC21/slim http://www.loc.gov/standards/marcxml/schema/MARC21slim.xsd">
      <leader>00000cam  22006491i 4500</leader>
      <controlfield tag="FMT">BK</controlfield>
      <controlfield tag="LDR">00000cam  22006491i 4500</controlfield>
      <controlfield tag="001">004107918</controlfield>
      <controlfield tag="003">OCoLC</controlfield>
      <controlfield tag="005">20150226104342.0</controlfield>
      <controlfield tag="008">150226s1961    gw       b    000 0 eng</controlfield>
      <datafield tag="010" ind1=" " ind2=" ">
         <subfield code="a">62051552</subfield>
      </datafield>
      <datafield tag="016" ind1="7" ind2=" ">
         <subfield code="a">003161283</subfield>
         <subfield code="2">Uk</subfield>
      </datafield>
      <datafield tag="035" ind1=" " ind2=" ">
         <subfield code="a">(OCoLC)1452397</subfield>
      </datafield>
      <datafield tag="040" ind1=" " ind2=" ">
         <subfield code="a">DLC</subfield>
         <subfield code="b">eng</subfield>
         <subfield code="c">BWE</subfield>
         <subfield code="d">DLC</subfield>
         <subfield code="d">NLGGC</subfield>
         <subfield code="d">LVB</subfield>
         <subfield code="d">AU@</subfield>
         <subfield code="d">ZWZ</subfield>
         <subfield code="d">OCLCO</subfield>
         <subfield code="d">UKMGB</subfield>
         <subfield code="d">OCLCF</subfield>
         <subfield code="d">XPQ</subfield>
         <subfield code="d">YBM</subfield>
         <subfield code="d">OCLCQ</subfield>
         <subfield code="d">NNU</subfield>
      </datafield>
      <datafield tag="041" ind1="0" ind2=" ">
         <subfield code="a">engarc</subfield>
      </datafield>
      <datafield tag="042" ind1=" " ind2=" ">
         <subfield code="a">premarc</subfield>
      </datafield>
      <datafield tag="050" ind1="0" ind2="0">
         <subfield code="a">PJ5213</subfield>
         <subfield code="b">.R65 1961</subfield>
      </datafield>
      <datafield tag="082" ind1="0" ind2="4">
         <subfield code="a">492.2</subfield>
         <subfield code="2">22</subfield>
      </datafield>
      <datafield tag="084" ind1=" " ind2=" ">
         <subfield code="a">18.70</subfield>
         <subfield code="2">bcl</subfield>
      </datafield>
      <datafield tag="100" ind1="1" ind2=" ">
         <subfield code="a">Rosenthal, Franz,</subfield>
         <subfield code="d">1914-2003.</subfield>
      </datafield>
      <datafield tag="245" ind1="1" ind2="2">
         <subfield code="a">A grammar of Biblical Aramaic /</subfield>
         <subfield code="c">by Franz Rosenthal.</subfield>
      </datafield>
      <datafield tag="260" ind1=" " ind2=" ">
         <subfield code="a">Wiesbaden :</subfield>
         <subfield code="b">O. Harrassowitz,</subfield>
         <subfield code="c">1961.</subfield>
      </datafield>
      <datafield tag="300" ind1=" " ind2=" ">
         <subfield code="a">x, 99 pages ;</subfield>
         <subfield code="c">24 cm.</subfield>
      </datafield>
      <datafield tag="336" ind1=" " ind2=" ">
         <subfield code="a">text</subfield>
         <subfield code="b">txt</subfield>
         <subfield code="2">rdacontent</subfield>
      </datafield>
      <datafield tag="337" ind1=" " ind2=" ">
         <subfield code="a">unmediated</subfield>
         <subfield code="b">n</subfield>
         <subfield code="2">rdamedia</subfield>
      </datafield>
      <datafield tag="338" ind1=" " ind2=" ">
         <subfield code="a">volume</subfield>
         <subfield code="b">nc</subfield>
         <subfield code="2">rdacarrier</subfield>
      </datafield>
      <datafield tag="490" ind1="1" ind2=" ">
         <subfield code="a">Porta linguarum orientalium. Neue Serie ;</subfield>
         <subfield code="v">5</subfield>
      </datafield>
      <datafield tag="500" ind1=" " ind2=" ">
         <subfield code="a">ISAW copy is from the library of Hayim and Miriam Tadmor.</subfield>
         <subfield code="5">NNU</subfield>
      </datafield>
      <datafield tag="504" ind1=" " ind2=" ">
         <subfield code="a">Includes bibliographical references (pages 72-75).</subfield>
      </datafield>
      <datafield tag="530" ind1=" " ind2=" ">
         <subfield code="a">Also issued online.</subfield>
      </datafield>
      <datafield tag="505" ind1="8" ind2=" ">
         <subfield code="a">The texts and the language -- The writing -- Remarks on phonology -- The pronoun -- The noun and the adjective -- Numerals -- Prepositions -- Conjunctions -- Negations -- Adverbs and particles -- The verb -- Vocabulary.</subfield>
      </datafield>
      <datafield tag="520" ind1="8" ind2=" ">
         <subfield code="a">"The purpose of this grammar is twofold. It is, on one hand, to provide the beginner with the elements of the language, and, on the other, to prepare him ... for possible research in the problems of Aramaeology. These two aims may seem mutually contradictory, and it must be admitted that they are to a degree. However, the attempt is always worth making, and Biblical Aramaic, representing the comparative simplicity of the old consonant writing with the complexities of a much later stage of the spoken language superimposed upon it, is a strenuous training ground ... Knowledge of the syntax is important in any language, and in Aramaic where the syntax in particular reflects the history of the language most faithfully ..."--Preface.</subfield>
      </datafield>
      <datafield tag="650" ind1=" " ind2="0">
         <subfield code="a">Aramaic language</subfield>
         <subfield code="x">Grammar.</subfield>
      </datafield>
      <datafield tag="650" ind1=" " ind2="6">
         <subfield code="a">Araméen (Langue)</subfield>
         <subfield code="x">Grammaire.</subfield>
      </datafield>
      <datafield tag="650" ind1=" " ind2="7">
         <subfield code="a">Aramaic language</subfield>
         <subfield code="x">Grammar.</subfield>
         <subfield code="2">fast</subfield>
         <subfield code="0">(OCoLC)fst00812675</subfield>
      </datafield>
      <datafield tag="650" ind1="1" ind2="7">
         <subfield code="a">Aramees.</subfield>
         <subfield code="2">gtt</subfield>
      </datafield>
      <datafield tag="650" ind1="1" ind2="7">
         <subfield code="a">Bijbels Aramees.</subfield>
         <subfield code="2">gtt</subfield>
      </datafield>
      <datafield tag="650" ind1=" " ind2="7">
         <subfield code="a">Araméen (langue)</subfield>
         <subfield code="x">Grammaire.</subfield>
         <subfield code="2">ram</subfield>
      </datafield>
      <datafield tag="776" ind1="0" ind2="8">
         <subfield code="i">Online version:</subfield>
         <subfield code="a">Rosenthal, Franz, 1914-2003.</subfield>
         <subfield code="t">Grammar of Biblical Aramaic.</subfield>
         <subfield code="d">Wiesbaden, O. Harrassowitz, 1961</subfield>
         <subfield code="w">(OCoLC)644852697</subfield>
      </datafield>
      <datafield tag="796" ind1="1" ind2=" ">
         <subfield code="a">Tadmor, Hayim,</subfield>
         <subfield code="e">former owner.</subfield>
      </datafield>
      <datafield tag="796" ind1="1" ind2=" ">
         <subfield code="a">Tadmor, Miriam,</subfield>
         <subfield code="e">former owner.</subfield>
      </datafield>
      <datafield tag="797" ind1="2" ind2=" ">
         <subfield code="a">Tadmor Collection.</subfield>
      </datafield>
      <datafield tag="830" ind1=" " ind2="0">
         <subfield code="a">Porta linguarum orientalium. Neue Serie ;</subfield>
         <subfield code="v">5.</subfield>
      </datafield>
      <datafield tag="994" ind1=" " ind2=" ">
         <subfield code="a">Z0</subfield>
         <subfield code="b">ZYU</subfield>
      </datafield>
      <datafield tag="OWN" ind1=" " ind2=" ">
         <subfield code="a">GENERAL</subfield>
      </datafield>
      <datafield tag="AVA" ind1=" " ind2=" ">
         <subfield code="a">NYU50</subfield>
         <subfield code="b">NISAW</subfield>
         <subfield code="c">Reference 4 Collection</subfield>
         <subfield code="d">PJ5213 .R65 1961</subfield>
         <subfield code="e">available</subfield>
         <subfield code="t">Available</subfield>
         <subfield code="f">1</subfield>
         <subfield code="g">0</subfield>
         <subfield code="h">N</subfield>
         <subfield code="i">0</subfield>
         <subfield code="j">REF4</subfield>
         <subfield code="k">0</subfield>
      </datafield>
      <marc:datafield tag="852" ind1=" " ind2=" ">
         <marc:subfield code="b">Institute for the Study of the Ancient World, </marc:subfield>
         <marc:subfield code="c">Reference 4 Collection</marc:subfield>
         <marc:subfield code="e">15 East 84th St., </marc:subfield>
         <marc:subfield code="e">New York, NY  10028</marc:subfield>
      </marc:datafield>
   </record>