
  
  
  
  
  
  
  
 
  
  <record xsi:schemaLocation="http://www.loc.gov/MARC21/slim http://www.loc.gov/standards/marcxml/schema/MARC21slim.xsd">
      <leader>00000cam  2200637 i 4500</leader>
      <controlfield tag="FMT">BK</controlfield>
      <controlfield tag="LDR">00000cam  2200637 i 4500</controlfield>
      <controlfield tag="001">004108061</controlfield>
      <controlfield tag="003">OCoLC</controlfield>
      <controlfield tag="005">20150226164357.0</controlfield>
      <controlfield tag="008">150226t20142014gw ae    b    100 0 eng d</controlfield>
      <datafield tag="010" ind1=" " ind2=" ">
         <subfield code="a">2014453580</subfield>
      </datafield>
      <datafield tag="016" ind1="7" ind2=" ">
         <subfield code="a">1021548804</subfield>
         <subfield code="2">DE-101</subfield>
      </datafield>
      <datafield tag="016" ind1="7" ind2=" ">
         <subfield code="a">1021548804</subfield>
         <subfield code="2">GyFmDB</subfield>
      </datafield>
      <datafield tag="016" ind1="7" ind2=" ">
         <subfield code="a">016504714</subfield>
         <subfield code="2">Uk</subfield>
      </datafield>
      <datafield tag="020" ind1=" " ind2=" ">
         <subfield code="a">9783110265941</subfield>
         <subfield code="q">hd. bd.</subfield>
      </datafield>
      <datafield tag="020" ind1=" " ind2=" ">
         <subfield code="a">311026594X</subfield>
         <subfield code="q">hd. bd.</subfield>
      </datafield>
      <datafield tag="020" ind1=" " ind2=" ">
         <subfield code="z">9783110266436</subfield>
         <subfield code="q">online</subfield>
      </datafield>
      <datafield tag="035" ind1=" " ind2=" ">
         <subfield code="a">(OCoLC)874531750</subfield>
      </datafield>
      <datafield tag="040" ind1=" " ind2=" ">
         <subfield code="a">OHX</subfield>
         <subfield code="b">eng</subfield>
         <subfield code="e">rda</subfield>
         <subfield code="c">OHX</subfield>
         <subfield code="d">OCLCO</subfield>
         <subfield code="d">UKMGB</subfield>
         <subfield code="d">COO</subfield>
         <subfield code="d">OCLCQ</subfield>
         <subfield code="d">CGU</subfield>
         <subfield code="d">OCLCO</subfield>
         <subfield code="d">CHVBK</subfield>
         <subfield code="d">OCLCF</subfield>
         <subfield code="d">LTSCA</subfield>
         <subfield code="d">YDXCP</subfield>
         <subfield code="d">DLC</subfield>
         <subfield code="d">CDX</subfield>
         <subfield code="d">OCLCQ</subfield>
         <subfield code="d">FDA</subfield>
         <subfield code="d">NNU</subfield>
      </datafield>
      <datafield tag="050" ind1=" " ind2="4">
         <subfield code="a">CC79.S63</subfield>
         <subfield code="b">S638 2014</subfield>
      </datafield>
      <datafield tag="072" ind1=" " ind2="7">
         <subfield code="a">NA</subfield>
         <subfield code="2">lcco</subfield>
      </datafield>
      <datafield tag="072" ind1=" " ind2="7">
         <subfield code="a">GN</subfield>
         <subfield code="2">lcco</subfield>
      </datafield>
      <datafield tag="082" ind1="0" ind2="4">
         <subfield code="a">930.1</subfield>
         <subfield code="2">23</subfield>
      </datafield>
      <datafield tag="245" ind1="0" ind2="0">
         <subfield code="a">Spatial analysis and social spaces :</subfield>
         <subfield code="b">interdisciplinary approaches to the interpretation of prehistoric and historic built environments /</subfield>
         <subfield code="c">edited by Eleftheria Paliou, Undine Lieberwirth, Silvia Polla.</subfield>
      </datafield>
      <datafield tag="264" ind1=" " ind2="1">
         <subfield code="a">Berlin :</subfield>
         <subfield code="b">De Gruyter,</subfield>
         <subfield code="c">[2014]</subfield>
      </datafield>
      <datafield tag="264" ind1=" " ind2="4">
         <subfield code="c">©2014</subfield>
      </datafield>
      <datafield tag="300" ind1=" " ind2=" ">
         <subfield code="a">viii, 320 pages :</subfield>
         <subfield code="b">illustrations (some color), plans ;</subfield>
         <subfield code="c">25 cm.</subfield>
      </datafield>
      <datafield tag="336" ind1=" " ind2=" ">
         <subfield code="a">text</subfield>
         <subfield code="b">txt</subfield>
         <subfield code="2">rdacontent</subfield>
      </datafield>
      <datafield tag="337" ind1=" " ind2=" ">
         <subfield code="a">unmediated</subfield>
         <subfield code="b">n</subfield>
         <subfield code="2">rdamedia</subfield>
      </datafield>
      <datafield tag="338" ind1=" " ind2=" ">
         <subfield code="a">volume</subfield>
         <subfield code="b">nc</subfield>
         <subfield code="2">rdacarrier</subfield>
      </datafield>
      <datafield tag="490" ind1="1" ind2=" ">
         <subfield code="a">Topoi,</subfield>
         <subfield code="x">2191-5806 ;</subfield>
         <subfield code="v">v. 18</subfield>
      </datafield>
      <datafield tag="500" ind1=" " ind2=" ">
         <subfield code="a">International conference proceedings.</subfield>
      </datafield>
      <datafield tag="504" ind1=" " ind2=" ">
         <subfield code="a">Includes bibliographical references.</subfield>
      </datafield>
      <datafield tag="505" ind1="0" ind2="0">
         <subfield code="g">Introduction /</subfield>
         <subfield code="r">Eleftheria Paliou --</subfield>
         <subfield code="t">Spatial analysis and cultural information :</subfield>
         <subfield code="t">the need for theory as well as method in space syntax analysis /</subfield>
         <subfield code="r">Bill Hillier --</subfield>
         <subfield code="t">From building to architecture :</subfield>
         <subfield code="t">the rise of configurational thinking in Bronze Age Crete /</subfield>
         <subfield code="r">Quentin Letesson --</subfield>
         <subfield code="t">Visibility analysis in 3D built spaces :</subfield>
         <subfield code="t">a new dimension to the understanding of social space /</subfield>
         <subfield code="r">Eleftheria Paliou --</subfield>
         <subfield code="t">Connecting landscapes with built environments :</subfield>
         <subfield code="t">visibility analysis, scale and the senses /</subfield>
         <subfield code="r">David Wheatley --</subfield>
         <subfield code="t">Formal three-dimensional computational analyses of archaeological spaces /</subfield>
         <subfield code="r">Constantinos Papadopoulos and Graeme Earl --</subfield>
         <subfield code="t">Investigating monumental social space in Late Bronze Age Cyprus :</subfield>
         <subfield code="t">an integrative approach /</subfield>
         <subfield code="r">Kevin D. Fisher --</subfield>
         <subfield code="t">Three tales of two cities? :</subfield>
         <subfield code="t">A comparative analysis of topological, visual and metric properties of archaeological space in Malia and Pylos /</subfield>
         <subfield code="r">Piraye Hacigüzeller and Ulrich Thaler --</subfield>
         <subfield code="t">Spatial analysis of past built environment :</subfield>
         <subfield code="t">houses and society in the Aegean from the Early Iron age till the impact of Rome /</subfield>
         <subfield code="r">John Bintliff --</subfield>
         <subfield code="t">Indicating street vitality in excavated towns. :</subfield>
         <subfield code="t">Spatial configurative analyses applied to Pompeii /</subfield>
         <subfield code="r">Akkelies Van Nes --</subfield>
         <subfield code="t">The spatial signature of an insula neighbourhood of Roman Ostia /</subfield>
         <subfield code="r">Hanna Stöger.</subfield>
      </datafield>
      <datafield tag="530" ind1=" " ind2=" ">
         <subfield code="a">Also issued online.</subfield>
      </datafield>
      <datafield tag="650" ind1=" " ind2="0">
         <subfield code="a">Spatial analysis (Statistics) in archaeology</subfield>
         <subfield code="v">Congresses.</subfield>
      </datafield>
      <datafield tag="650" ind1=" " ind2="0">
         <subfield code="a">Archaeology</subfield>
         <subfield code="x">Methodology</subfield>
         <subfield code="v">Congresses.</subfield>
      </datafield>
      <datafield tag="650" ind1=" " ind2="0">
         <subfield code="a">Architecture, Ancient</subfield>
         <subfield code="v">Congresses.</subfield>
      </datafield>
      <datafield tag="650" ind1=" " ind2="7">
         <subfield code="a">Spatial analysis (Statistics) in archaeology.</subfield>
         <subfield code="2">fast</subfield>
         <subfield code="0">(OCoLC)fst01745939</subfield>
      </datafield>
      <datafield tag="650" ind1=" " ind2="7">
         <subfield code="a">Bebauung.</subfield>
         <subfield code="0">(DE-588)4144240-4</subfield>
         <subfield code="2">gnd</subfield>
      </datafield>
      <datafield tag="650" ind1=" " ind2="7">
         <subfield code="a">Räumliche Statistik.</subfield>
         <subfield code="0">(DE-588)4386767-4</subfield>
         <subfield code="2">gnd</subfield>
      </datafield>
      <datafield tag="700" ind1="1" ind2=" ">
         <subfield code="a">Paliou, Eleftheria,</subfield>
         <subfield code="e">editor of compilation.</subfield>
      </datafield>
      <datafield tag="700" ind1="1" ind2=" ">
         <subfield code="a">Lieberwirth, Undine,</subfield>
         <subfield code="e">editor of compilation.</subfield>
      </datafield>
      <datafield tag="700" ind1="1" ind2=" ">
         <subfield code="a">Polla, Silvia,</subfield>
         <subfield code="e">editor of compilation.</subfield>
      </datafield>
      <datafield tag="776" ind1="0" ind2="8">
         <subfield code="i">Online version:</subfield>
         <subfield code="t">Spatial analysis and social spaces.</subfield>
         <subfield code="d">Berlin : De Gruyter, [2014]</subfield>
         <subfield code="z">9783110266436</subfield>
         <subfield code="w">(OCoLC)874531750</subfield>
         <subfield code="w">(NNU)004099741</subfield>
      </datafield>
      <datafield tag="830" ind1=" " ind2="0">
         <subfield code="a">Topoi ;</subfield>
         <subfield code="v">v. 18.</subfield>
      </datafield>
      <datafield tag="994" ind1=" " ind2=" ">
         <subfield code="a">Z0</subfield>
         <subfield code="b">ZYU</subfield>
      </datafield>
      <datafield tag="OWN" ind1=" " ind2=" ">
         <subfield code="a">GENERAL</subfield>
      </datafield>
      <datafield tag="AVA" ind1=" " ind2=" ">
         <subfield code="a">NYU50</subfield>
         <subfield code="b">NISAW</subfield>
         <subfield code="c">Small Collection</subfield>
         <subfield code="d">CC79.S63 S638 2014</subfield>
         <subfield code="e">available</subfield>
         <subfield code="t">Available</subfield>
         <subfield code="f">1</subfield>
         <subfield code="g">0</subfield>
         <subfield code="h">N</subfield>
         <subfield code="i">0</subfield>
         <subfield code="j">SMALL</subfield>
         <subfield code="k">0</subfield>
      </datafield>
      <marc:datafield tag="852" ind1=" " ind2=" ">
         <marc:subfield code="b">Institute for the Study of the Ancient World, </marc:subfield>
         <marc:subfield code="c">Small Collection</marc:subfield>
         <marc:subfield code="e">15 East 84th St., </marc:subfield>
         <marc:subfield code="e">New York, NY  10028</marc:subfield>
      </marc:datafield>
   </record>