
  
  
  
  
  
  
 
  
  <record xsi:schemaLocation="http://www.loc.gov/MARC21/slim http://www.loc.gov/standards/marcxml/schema/MARC21slim.xsd">
      <leader>00000cam  2200457 i 4500</leader>
      <controlfield tag="FMT">BK</controlfield>
      <controlfield tag="LDR">00000cam  2200457 i 4500</controlfield>
      <controlfield tag="001">004108138</controlfield>
      <controlfield tag="003">OCoLC</controlfield>
      <controlfield tag="005">20150227112803.0</controlfield>
      <controlfield tag="008">150227s2014    le abe   b    100 0 fre d</controlfield>
      <datafield tag="020" ind1=" " ind2=" ">
         <subfield code="a">9782351594056</subfield>
         <subfield code="q">(paperback)</subfield>
      </datafield>
      <datafield tag="020" ind1=" " ind2=" ">
         <subfield code="a">2351594053</subfield>
         <subfield code="q">(paperback)</subfield>
      </datafield>
      <datafield tag="035" ind1=" " ind2=" ">
         <subfield code="a">(OCoLC)897040549</subfield>
      </datafield>
      <datafield tag="040" ind1=" " ind2=" ">
         <subfield code="a">NLGGC</subfield>
         <subfield code="b">eng</subfield>
         <subfield code="e">rda</subfield>
         <subfield code="c">NLGGC</subfield>
         <subfield code="d">OCLCQ</subfield>
         <subfield code="d">RBN</subfield>
         <subfield code="d">NNU</subfield>
      </datafield>
      <datafield tag="041" ind1="1" ind2=" ">
         <subfield code="a">eng</subfield>
         <subfield code="a">fre</subfield>
         <subfield code="b">ara</subfield>
      </datafield>
      <datafield tag="043" ind1=" " ind2=" ">
         <subfield code="a">a-sy---</subfield>
      </datafield>
      <datafield tag="050" ind1=" " ind2="4">
         <subfield code="a">DS99.M3</subfield>
         <subfield code="b">M365 2014</subfield>
      </datafield>
      <datafield tag="245" ind1="0" ind2="0">
         <subfield code="a">Mari, ni est, ni ouest :</subfield>
         <subfield code="b">Actes du colloque "Mari, ni Est ni Ouest" tenu les 20-22 octobre 2010 à Damas, Syrie /</subfield>
         <subfield code="c">Pascal Butterlin, Jean-Claude Margueron, Béatrice Muller, Michel Al-Maqdissi, Dominique Beyer, Antoine Cavigneaux.</subfield>
      </datafield>
      <datafield tag="264" ind1=" " ind2="1">
         <subfield code="a">Beyrouth :</subfield>
         <subfield code="b">Presses de l'IFPO,</subfield>
         <subfield code="c">2014.</subfield>
      </datafield>
      <datafield tag="300" ind1=" " ind2=" ">
         <subfield code="a">2 volumes (775 pages) :</subfield>
         <subfield code="b">illustrations, maps, plans ;</subfield>
         <subfield code="c">28 cm</subfield>
      </datafield>
      <datafield tag="336" ind1=" " ind2=" ">
         <subfield code="a">text</subfield>
         <subfield code="b">txt</subfield>
         <subfield code="2">rdacontent</subfield>
      </datafield>
      <datafield tag="337" ind1=" " ind2=" ">
         <subfield code="a">unmediated</subfield>
         <subfield code="b">n</subfield>
         <subfield code="2">rdamedia</subfield>
      </datafield>
      <datafield tag="338" ind1=" " ind2=" ">
         <subfield code="a">volume</subfield>
         <subfield code="b">nc</subfield>
         <subfield code="2">rdacarrier</subfield>
      </datafield>
      <datafield tag="490" ind1="1" ind2=" ">
         <subfield code="a">Institut Français du Proche-Orient : Syria Supplément,</subfield>
         <subfield code="x">0039-7946 ;</subfield>
         <subfield code="v">II</subfield>
      </datafield>
      <datafield tag="504" ind1=" " ind2=" ">
         <subfield code="a">Includes bibliographical references</subfield>
      </datafield>
      <datafield tag="505" ind1="0" ind2="0">
         <subfield code="g">v.1.</subfield>
         <subfield code="t">Introduction générale /</subfield>
         <subfield code="r">Margueron, J.-Cl. --</subfield>
         <subfield code="t">Pour une définition du moyen Euphrate /</subfield>
         <subfield code="r">Margueron, J.-Cl. --</subfield>
         <subfield code="r">Maqdissi, M. --</subfield>
         <subfield code="r">Butterlin, P. --</subfield>
         <subfield code="r">Caramelo, F. --</subfield>
         <subfield code="r">Márquez Rowe, I. --</subfield>
         <subfield code="r">Montero Fenollós, J.-L. --</subfield>
         <subfield code="r">Muller, B.</subfield>
         <subfield code="g">I.</subfield>
         <subfield code="t">Ville circulaire et son espace.</subfield>
         <subfield code="t">Mari, ville circulaire /</subfield>
         <subfield code="r">Margueron, J.-Cl. --</subfield>
         <subfield code="t">Round cities : foundation and development : a view from Tell Chuera /</subfield>
         <subfield code="r">Meyer, J.-W. --</subfield>
         <subfield code="t">IV-Matériel pour l’étude de la ville en Syrie. Propos sur la ville en Syrie aux époques anciennes /</subfield>
         <subfield code="r">Maqdissi, M. --</subfield>
         <subfield code="t">Ville I de Mari : un bilan 1933-2004 /</subfield>
         <subfield code="r">Muller, B. --</subfield>
         <subfield code="t">Recherches au Massif Rouge, données nouvelles sur le centre monumental de Mari et son histoire /</subfield>
         <subfield code="r">Butterlin, P. --</subfield>
         <subfield code="t">Étrange stratigraphie de la Ville III /</subfield>
         <subfield code="r">Margeruon, J.-Cl. --</subfield>
         <subfield code="t">Fortifications et topographie urbaine à Mari : recherches archéologiques dans la Ville Est (chantiers N3, N4, N5 et V1) : résultats préliminaires /</subfield>
         <subfield code="r">Abu-Azizeh, W. --</subfield>
         <subfield code="r">Rey, S.</subfield>
         <subfield code="g">II.</subfield>
         <subfield code="t">Aspects géopolitiques.</subfield>
         <subfield code="t">Situation géopolitique de la Syrie avant l’expansion d’Akkad /</subfield>
         <subfield code="r">Archi, A. --</subfield>
         <subfield code="t">Encore à propos des rapports entre les royaumes de Mari et d’Ébla à l’époque présargonique /</subfield>
         <subfield code="r">Biga, M.-G. --</subfield>
         <subfield code="t">Language of kingship at Mari and Ebla in the third millennium BC : a comparative approach /</subfield>
         <subfield code="r">Dolce, R. --</subfield>
         <subfield code="t">Mari, Nagar and Qatara/Karana /</subfield>
         <subfield code="r">Oates, J. --</subfield>
         <subfield code="t">Exemples de chronologie archéomagnétique à Mari/Tell Hariri /</subfield>
         <subfield code="r">Gallet, Y. --</subfield>
         <subfield code="t">Mari et le verrou de Khanuqa : frontière politique et territoire aux IIIe et IIe millénaires av. J.-C. /</subfield>
         <subfield code="r">Montero Fenollós, J.-L. --</subfield>
         <subfield code="t">Moyen Euphrate vu depuis la région de Terqa au IIIe millénaire av. n. ère /</subfield>
         <subfield code="r">Rouault, O.</subfield>
      </datafield>
      <datafield tag="505" ind1="8" ind2="0">
         <subfield code="g">III.</subfield>
         <subfield code="t">Économie et administration palatiale.</subfield>
         <subfield code="t">Mari, Ville II : Palais ou temple-manufacture? /</subfield>
         <subfield code="r">Margueron, J.-Cl. --</subfield>
         <subfield code="t">Nouveaux textes de Mari Ville II (campagnes 1998 à 2007) /</subfield>
         <subfield code="r">Cavigneaux, A. --</subfield>
         <subfield code="t">Urban organizations for offerings, overland traffic and the euphrates trade at pre-Sargonic Mari /</subfield>
         <subfield code="r">Sallaberger, W. --</subfield>
         <subfield code="t">Résultats archéologiques et nouvelles données épigraphiques : le chantier Palais Sud 2 (2006-2008) /</subfield>
         <subfield code="r">Margueron, J.-Cl. --</subfield>
         <subfield code="t">“Si quelqu’un fait appel à toi, sois présent!” : les interventions royales dans la vie économique et juridique à Mari /</subfield>
         <subfield code="r">Charpin, D. --</subfield>
         <subfield code="t">Tissage et marqueterie en Damascène au IIe millénaire av. J.-C. /</subfield>
         <subfield code="r">Taraqji, A.F. --</subfield>
         <subfield code="t">Âne domestique en Syrie : réflexions sur les données nouvelles de Mari /</subfield>
         <subfield code="r">Vila, E.</subfield>
         <subfield code="g">v.2.</subfield>
         <subfield code="g">IV.</subfield>
         <subfield code="t">Temples et tombes.</subfield>
         <subfield code="t">... Nor north: the Urkesh temple terrace /</subfield>
         <subfield code="r">Buccellati, G. --</subfield>
         <subfield code="r">Kelly-Buccellati, M. --</subfield>
         <subfield code="t">Temple-manufacture de Ville II : questions d’architecture et de stratigraphie /</subfield>
         <subfield code="r">Margueron, J.-Cl. --</subfield>
         <subfield code="t">Temples et palais d’Ébla protosyrienne et le problème de l’unité architecturale de la Syrie au Dynastique archaïque final /</subfield>
         <subfield code="r">Buccellati, G. --</subfield>
         <subfield code="r">Kelly-Buccellati, M. --</subfield>
         <subfield code="t">Temples de Mari : bilan de 20 ans de travaux au chantier G (1990-2010) /</subfield>
         <subfield code="r">Beyer, D. --</subfield>
         <subfield code="t">Éléments pour une réflexion sur les espaces funéraires infra-urbains de Mari /</subfield>
         <subfield code="r">Nassar, J. --</subfield>
         <subfield code="t">Tombeaux en pierre du temple d’Ishtar et les relations de Mari avec la section septentrionale du moyen Euphrate au DA III /</subfield>
         <subfield code="r">Otto, A.</subfield>
      </datafield>
      <datafield tag="505" ind1="8" ind2="0">
         <subfield code="g">V.</subfield>
         <subfield code="t">Approches culturelles et artistiques.</subfield>
         <subfield code="t">Mari, ni Est, ni Ouest, et les statuettes de la cachette du temple du “Seigneur du Pays” /</subfield>
         <subfield code="r">Butterlin, P. --</subfield>
         <subfield code="r">Lecompte, C. --</subfield>
         <subfield code="t">Nu-banda Ebiḫ-Il. Nouvelles perspectives historiques /</subfield>
         <subfield code="r">Cluzan, S. --</subfield>
         <subfield code="r">Lecompte, C. --</subfield>
         <subfield code="t">Image of power at Mari between East and West /</subfield>
         <subfield code="r">Pinnock, F. --</subfield>
         <subfield code="t">Beyond the borders of tradition : dedicatory sculpture at Mari /</subfield>
         <subfield code="r">Evans, J.M.</subfield>
      </datafield>
      <datafield tag="546" ind1=" " ind2=" ">
         <subfield code="a">In French or English with summaries in Arabic.</subfield>
      </datafield>
      <datafield tag="650" ind1=" " ind2="0">
         <subfield code="a">Excavations (Archaeology)</subfield>
         <subfield code="z">Syria</subfield>
         <subfield code="z">Mari (Extinct city)</subfield>
         <subfield code="v">Congresses.</subfield>
      </datafield>
      <datafield tag="651" ind1=" " ind2="0">
         <subfield code="a">Mari (Extinct city)</subfield>
         <subfield code="v">Congresses.</subfield>
      </datafield>
      <datafield tag="651" ind1=" " ind2="0">
         <subfield code="a">Syria</subfield>
         <subfield code="x">Antiquities</subfield>
         <subfield code="v">Congresses.</subfield>
      </datafield>
      <datafield tag="700" ind1="1" ind2=" ">
         <subfield code="a">Butterlin, Pascal</subfield>
         <subfield code="e">editor of compilation.</subfield>
      </datafield>
      <datafield tag="700" ind1="1" ind2=" ">
         <subfield code="a">Margueron, Jean</subfield>
         <subfield code="e">editor of compilation.</subfield>
      </datafield>
      <datafield tag="700" ind1="1" ind2=" ">
         <subfield code="a">Muller, Béatrice</subfield>
         <subfield code="e">editor of compilation.</subfield>
      </datafield>
      <datafield tag="700" ind1="1" ind2=" ">
         <subfield code="a">Maqdissi, Michel</subfield>
         <subfield code="e">editor of compilation.</subfield>
      </datafield>
      <datafield tag="700" ind1="1" ind2=" ">
         <subfield code="a">Beyer, Dominique</subfield>
         <subfield code="e">editor of compilation.</subfield>
      </datafield>
      <datafield tag="700" ind1="1" ind2=" ">
         <subfield code="a">Cavigneaux, Antoine</subfield>
         <subfield code="e">editor of compilation.</subfield>
      </datafield>
      <datafield tag="710" ind1="2" ind2=" ">
         <subfield code="a">Institut français d'archéologie du Proche-Orient</subfield>
         <subfield code="e">issuing body.</subfield>
      </datafield>
      <datafield tag="830" ind1=" " ind2="0">
         <subfield code="a">Syria (Paris, France).</subfield>
         <subfield code="p">Supplément ;</subfield>
         <subfield code="v">II.</subfield>
      </datafield>
      <datafield tag="994" ind1=" " ind2=" ">
         <subfield code="a">Z0</subfield>
         <subfield code="b">ZYU</subfield>
      </datafield>
      <datafield tag="OWN" ind1=" " ind2=" ">
         <subfield code="a">GENERAL</subfield>
      </datafield>
      <datafield tag="AVA" ind1=" " ind2=" ">
         <subfield code="a">NYU50</subfield>
         <subfield code="b">NISAW</subfield>
         <subfield code="c">Large Collection</subfield>
         <subfield code="d">DS99.M3 M365 2014</subfield>
         <subfield code="e">available</subfield>
         <subfield code="t">Available</subfield>
         <subfield code="f">2</subfield>
         <subfield code="g">0</subfield>
         <subfield code="h">Y</subfield>
         <subfield code="i">0</subfield>
         <subfield code="j">LARGE</subfield>
         <subfield code="k">0</subfield>
      </datafield>
      <marc:datafield tag="852" ind1=" " ind2=" ">
         <marc:subfield code="b">Institute for the Study of the Ancient World, </marc:subfield>
         <marc:subfield code="c">Large Collection</marc:subfield>
         <marc:subfield code="e">15 East 84th St., </marc:subfield>
         <marc:subfield code="e">New York, NY  10028</marc:subfield>
      </marc:datafield>
   </record>